Timestamp,Symbol,LTP,Volume
1766754292.4944804,NSE_FO|NIFTY23OCT19500CE,19499.81,6
1766754293.0034583,NSE_FO|NIFTY23OCT19500CE,19497.84,1
1766754293.5055158,NSE_FO|NIFTY23OCT19500CE,19495.9,9
1766754294.0072207,NSE_FO|NIFTY23OCT19500CE,19496.9,7
1766754294.5242836,NSE_FO|NIFTY23OCT19500CE,19499.77,6
1766754295.0410938,NSE_FO|NIFTY23OCT19500CE,19502.22,9
1766754295.5417778,NSE_FO|NIFTY23OCT19500CE,19500.44,8
1766754296.0577173,NSE_FO|NIFTY23OCT19500CE,19499.3,6
1766754296.5594797,NSE_FO|NIFTY23OCT19500CE,19501.33,7
1766754297.075176,NSE_FO|NIFTY23OCT19500CE,19501.34,10
1766754297.5912333,NSE_FO|NIFTY23OCT19500CE,19502.09,2
1766754298.092406,NSE_FO|NIFTY23OCT19500CE,19500.84,5
1766754298.5940754,NSE_FO|NIFTY23OCT19500CE,19501.35,6
1766754299.095876,NSE_FO|NIFTY23OCT19500CE,19502.57,1
1766754299.610166,NSE_FO|NIFTY23OCT19500CE,19505.39,5
1766754300.125086,NSE_FO|NIFTY23OCT19500CE,19506.27,1
1766754300.6271243,NSE_FO|NIFTY23OCT19500CE,19507.76,5
1766754301.14045,NSE_FO|NIFTY23OCT19500CE,19508.83,5
1766754301.643532,NSE_FO|NIFTY23OCT19500CE,19511.38,2
1766754302.148155,NSE_FO|NIFTY23OCT19500CE,19512.1,1
1766754673.7742367,NSE_FO|NIFTY23OCT19500CE,19502.44,10
1766754674.2861388,NSE_FO|NIFTY23OCT19500CE,19500.63,7
1766754674.7870808,NSE_FO|NIFTY23OCT19500CE,19503.26,5
1766754675.2890375,NSE_FO|NIFTY23OCT19500CE,19501.4,4
1766754675.8045425,NSE_FO|NIFTY23OCT19500CE,19503.18,3
1766754676.3204927,NSE_FO|NIFTY23OCT19500CE,19502.08,5
1766754676.8350174,NSE_FO|NIFTY23OCT19500CE,19501.17,8
1766754677.3397985,NSE_FO|NIFTY23OCT19500CE,19502.31,10
1766754677.855374,NSE_FO|NIFTY23OCT19500CE,19501.52,3
1766754678.3674936,NSE_FO|NIFTY23OCT19500CE,19502.48,3
1766754678.871322,NSE_FO|NIFTY23OCT19500CE,19503.62,8
1766754679.378507,NSE_FO|NIFTY23OCT19500CE,19504.86,10
1766754679.8861961,NSE_FO|NIFTY23OCT19500CE,19507.06,8
1766754680.3916538,NSE_FO|NIFTY23OCT19500CE,19507.14,2
1766754680.9079192,NSE_FO|NIFTY23OCT19500CE,19508.84,8
1766754681.4099364,NSE_FO|NIFTY23OCT19500CE,19509.11,10
1766754681.926757,NSE_FO|NIFTY23OCT19500CE,19508.78,7
1766754682.4276862,NSE_FO|NIFTY23OCT19500CE,19508.96,8
1766754682.935445,NSE_FO|NIFTY23OCT19500CE,19507.58,5
1766754683.448886,NSE_FO|NIFTY23OCT19500CE,19508.6,6
1766756268.9103088,NSE_FO|NIFTY23OCT19500CE,19501.87,5
1766756269.41912,NSE_FO|NIFTY23OCT19500CE,19502.41,7
1766756269.9216306,NSE_FO|NIFTY23OCT19500CE,19503.96,4
1766756270.4376023,NSE_FO|NIFTY23OCT19500CE,19506.06,2
1766756270.938756,NSE_FO|NIFTY23OCT19500CE,19508.88,10
1766756271.454386,NSE_FO|NIFTY23OCT19500CE,19511.6,4
1766756271.9550424,NSE_FO|NIFTY23OCT19500CE,19513.65,6
1766756272.4612558,NSE_FO|NIFTY23OCT19500CE,19513.26,1
1766756272.9714825,NSE_FO|NIFTY23OCT19500CE,19512.15,7
1766756273.4723084,NSE_FO|NIFTY23OCT19500CE,19514.38,4
1766756273.9877777,NSE_FO|NIFTY23OCT19500CE,19514.23,4
1766756274.491105,NSE_FO|NIFTY23OCT19500CE,19516.32,10
1766756274.999678,NSE_FO|NIFTY23OCT19500CE,19517.64,2
1766756275.5153294,NSE_FO|NIFTY23OCT19500CE,19516.97,1
1766756276.0301983,NSE_FO|NIFTY23OCT19500CE,19518.37,7
1766756276.532113,NSE_FO|NIFTY23OCT19500CE,19517.11,2
1766756277.0454776,NSE_FO|NIFTY23OCT19500CE,19520.03,4
1766756277.5603795,NSE_FO|NIFTY23OCT19500CE,19519.74,10
1766756278.0638402,NSE_FO|NIFTY23OCT19500CE,19518.2,8
1766756278.577078,NSE_FO|NIFTY23OCT19500CE,19517.42,1
1766756988.0396583,NSE_FO|NIFTY23OCT19500CE,19501.86,5
1766756988.5477214,NSE_FO|NIFTY23OCT19500CE,19503.98,5
1766756989.0631754,NSE_FO|NIFTY23OCT19500CE,19502.14,1
1766756989.5802855,NSE_FO|NIFTY23OCT19500CE,19504.5,1
1766756990.0820158,NSE_FO|NIFTY23OCT19500CE,19505.4,2
1766756990.5973554,NSE_FO|NIFTY23OCT19500CE,19504.73,9
1766756991.0991945,NSE_FO|NIFTY23OCT19500CE,19507.67,2
1766756991.6143556,NSE_FO|NIFTY23OCT19500CE,19507.48,7
1766756992.1156564,NSE_FO|NIFTY23OCT19500CE,19508.01,3
1766756992.6187072,NSE_FO|NIFTY23OCT19500CE,19508.0,2
1766756993.134029,NSE_FO|NIFTY23OCT19500CE,19508.45,5
1766756993.6501443,NSE_FO|NIFTY23OCT19500CE,19508.23,3
1766756994.1514766,NSE_FO|NIFTY23OCT19500CE,19509.78,9
1766756994.6541631,NSE_FO|NIFTY23OCT19500CE,19510.58,6
1766756995.1705396,NSE_FO|NIFTY23OCT19500CE,19510.21,10
1766756995.686054,NSE_FO|NIFTY23OCT19500CE,19513.01,8
1766756996.2001002,NSE_FO|NIFTY23OCT19500CE,19513.22,4
1766756996.7027583,NSE_FO|NIFTY23OCT19500CE,19514.16,3
1766756997.2050426,NSE_FO|NIFTY23OCT19500CE,19514.95,2
1766756997.7210858,NSE_FO|NIFTY23OCT19500CE,19517.56,2
1766757015.0921342,NSE_FO|NIFTY23OCT19500CE,19500.91,10
1766757015.6017692,NSE_FO|NIFTY23OCT19500CE,19500.54,1
1766757016.1057732,NSE_FO|NIFTY23OCT19500CE,19502.6,2
1766757016.6191869,NSE_FO|NIFTY23OCT19500CE,19502.36,2
1766757017.120442,NSE_FO|NIFTY23OCT19500CE,19501.54,6
1766757017.6360862,NSE_FO|NIFTY23OCT19500CE,19503.35,2
1766757018.1380394,NSE_FO|NIFTY23OCT19500CE,19501.49,3
1766757018.6544154,NSE_FO|NIFTY23OCT19500CE,19504.24,7
1766757019.1556165,NSE_FO|NIFTY23OCT19500CE,19504.98,5
1766757019.6575453,NSE_FO|NIFTY23OCT19500CE,19503.62,8
1766757020.1600196,NSE_FO|NIFTY23OCT19500CE,19502.41,10
1766757020.6735225,NSE_FO|NIFTY23OCT19500CE,19503.64,6
1766757021.1776667,NSE_FO|NIFTY23OCT19500CE,19502.73,5
1766757021.6896236,NSE_FO|NIFTY23OCT19500CE,19502.17,9
1766757022.1913888,NSE_FO|NIFTY23OCT19500CE,19502.12,10
1766757022.7059293,NSE_FO|NIFTY23OCT19500CE,19504.88,2
1766757023.2072878,NSE_FO|NIFTY23OCT19500CE,19504.09,7
1766757023.7084742,NSE_FO|NIFTY23OCT19500CE,19502.14,5
1766757024.209725,NSE_FO|NIFTY23OCT19500CE,19501.67,7
1766757024.7128174,NSE_FO|NIFTY23OCT19500CE,19500.67,7
1767080814.0567799,NSE_FO|NIFTY23OCT19500CE,19498.36,5
1767080814.567583,NSE_FO|NIFTY23OCT19500CE,19500.05,5
1767080815.0715287,NSE_FO|NIFTY23OCT19500CE,19498.05,7
1767080815.5863907,NSE_FO|NIFTY23OCT19500CE,19500.59,10
1767080816.0900285,NSE_FO|NIFTY23OCT19500CE,19498.85,5
1767080816.6038058,NSE_FO|NIFTY23OCT19500CE,19498.46,6
1767080817.1186085,NSE_FO|NIFTY23OCT19500CE,19500.01,4
1767080817.6344123,NSE_FO|NIFTY23OCT19500CE,19501.0,6
1767080818.143309,NSE_FO|NIFTY23OCT19500CE,19500.24,9
1767080818.6536236,NSE_FO|NIFTY23OCT19500CE,19502.83,5
1767080819.169888,NSE_FO|NIFTY23OCT19500CE,19505.74,3
1767080819.67112,NSE_FO|NIFTY23OCT19500CE,19508.7,5
1767080820.184714,NSE_FO|NIFTY23OCT19500CE,19510.25,4
1767080820.69033,NSE_FO|NIFTY23OCT19500CE,19511.76,3
1767080821.2058008,NSE_FO|NIFTY23OCT19500CE,19512.48,4
1767080821.7223957,NSE_FO|NIFTY23OCT19500CE,19510.94,5
1767080822.2259517,NSE_FO|NIFTY23OCT19500CE,19511.7,1
1767080822.7331347,NSE_FO|NIFTY23OCT19500CE,19512.49,9
1767080823.2381713,NSE_FO|NIFTY23OCT19500CE,19514.46,8
1767080823.7505784,NSE_FO|NIFTY23OCT19500CE,19512.73,10
1767084618.865786,NSE_FO|NIFTY23OCT19500CE,19502.78,6
1767084619.3743768,NSE_FO|NIFTY23OCT19500CE,19504.85,6
1767084619.8769982,NSE_FO|NIFTY23OCT19500CE,19502.98,4
1767084620.393936,NSE_FO|NIFTY23OCT19500CE,19502.49,5
1767084620.9076924,NSE_FO|NIFTY23OCT19500CE,19501.34,8
1767084621.411094,NSE_FO|NIFTY23OCT19500CE,19501.21,7
1767084621.9208739,NSE_FO|NIFTY23OCT19500CE,19500.12,7
1767084622.4236946,NSE_FO|NIFTY23OCT19500CE,19501.04,5
1767084622.9386756,NSE_FO|NIFTY23OCT19500CE,19502.35,10
1767084623.4567273,NSE_FO|NIFTY23OCT19500CE,19502.23,2
1767084623.9591856,NSE_FO|NIFTY23OCT19500CE,19501.96,5
1767084624.4642804,NSE_FO|NIFTY23OCT19500CE,19500.01,1
1767084624.9781165,NSE_FO|NIFTY23OCT19500CE,19499.08,10
1767084625.4926598,NSE_FO|NIFTY23OCT19500CE,19498.05,10
1767084625.9988651,NSE_FO|NIFTY23OCT19500CE,19497.91,10
1767084626.5007255,NSE_FO|NIFTY23OCT19500CE,19499.1,5
1767084627.008297,NSE_FO|NIFTY23OCT19500CE,19500.27,4
1767084627.5195892,NSE_FO|NIFTY23OCT19500CE,19502.01,8
1767084628.0312974,NSE_FO|NIFTY23OCT19500CE,19502.72,6
1767084628.5477288,NSE_FO|NIFTY23OCT19500CE,19504.06,8
1767084629.0660574,NSE_FO|NIFTY23OCT19500CE,19502.79,8
1767084629.58201,NSE_FO|NIFTY23OCT19500CE,19500.8,10
1767084630.0972145,NSE_FO|NIFTY23OCT19500CE,19500.71,10
1767084630.608712,NSE_FO|NIFTY23OCT19500CE,19500.0,8
1767084631.1171064,NSE_FO|NIFTY23OCT19500CE,19499.25,2
1767084631.6198294,NSE_FO|NIFTY23OCT19500CE,19498.87,4
1767084632.1249375,NSE_FO|NIFTY23OCT19500CE,19498.1,1
1767084632.6362119,NSE_FO|NIFTY23OCT19500CE,19496.82,1
1767084633.1380808,NSE_FO|NIFTY23OCT19500CE,19498.18,6
1767084633.6547055,NSE_FO|NIFTY23OCT19500CE,19498.94,3
1767084634.172718,NSE_FO|NIFTY23OCT19500CE,19501.14,2
1767084634.6879196,NSE_FO|NIFTY23OCT19500CE,19500.89,6
1767084635.1912441,NSE_FO|NIFTY23OCT19500CE,19500.93,4
1767084635.706542,NSE_FO|NIFTY23OCT19500CE,19501.89,2
1767084636.223754,NSE_FO|NIFTY23OCT19500CE,19500.2,8
1767084636.7404892,NSE_FO|NIFTY23OCT19500CE,19499.35,4
1767084637.2581494,NSE_FO|NIFTY23OCT19500CE,19500.03,4
1767084637.7750583,NSE_FO|NIFTY23OCT19500CE,19499.83,6
1767084638.2921293,NSE_FO|NIFTY23OCT19500CE,19502.44,2
1767084638.8115804,NSE_FO|NIFTY23OCT19500CE,19504.05,8
1767084639.3216102,NSE_FO|NIFTY23OCT19500CE,19504.08,4
1767084639.822828,NSE_FO|NIFTY23OCT19500CE,19505.22,2
1767084640.3283844,NSE_FO|NIFTY23OCT19500CE,19507.11,6
1767084640.8334181,NSE_FO|NIFTY23OCT19500CE,19508.39,9
1767084641.3409176,NSE_FO|NIFTY23OCT19500CE,19508.09,8
1767084641.845835,NSE_FO|NIFTY23OCT19500CE,19510.19,6
1767084642.360562,NSE_FO|NIFTY23OCT19500CE,19509.97,10
1767084642.8684936,NSE_FO|NIFTY23OCT19500CE,19511.51,9
1767084643.3750694,NSE_FO|NIFTY23OCT19500CE,19511.2,10
1767084643.877604,NSE_FO|NIFTY23OCT19500CE,19512.61,2
1767084644.380724,NSE_FO|NIFTY23OCT19500CE,19511.24,8
1767084644.891652,NSE_FO|NIFTY23OCT19500CE,19510.71,3
1767084645.3955617,NSE_FO|NIFTY23OCT19500CE,19513.21,6
1767084645.899453,NSE_FO|NIFTY23OCT19500CE,19514.15,2
1767084646.413934,NSE_FO|NIFTY23OCT19500CE,19515.81,6
1767084646.9221978,NSE_FO|NIFTY23OCT19500CE,19514.83,8
1767084647.427099,NSE_FO|NIFTY23OCT19500CE,19516.12,1
1767084647.93843,NSE_FO|NIFTY23OCT19500CE,19517.71,9
1767084648.4410694,NSE_FO|NIFTY23OCT19500CE,19518.24,3
1767084648.9451923,NSE_FO|NIFTY23OCT19500CE,19517.47,5
1767084649.4499044,NSE_FO|NIFTY23OCT19500CE,19519.86,3
1767084649.9553542,NSE_FO|NIFTY23OCT19500CE,19519.21,8
1767084650.4616466,NSE_FO|NIFTY23OCT19500CE,19518.38,10
1767084650.970053,NSE_FO|NIFTY23OCT19500CE,19516.72,7
1767084651.4723835,NSE_FO|NIFTY23OCT19500CE,19518.44,10
1767084651.9841897,NSE_FO|NIFTY23OCT19500CE,19517.95,7
1767084652.4989445,NSE_FO|NIFTY23OCT19500CE,19518.38,8
1767084653.003975,NSE_FO|NIFTY23OCT19500CE,19517.83,2
1767084653.5197716,NSE_FO|NIFTY23OCT19500CE,19518.11,8
1767084654.0261686,NSE_FO|NIFTY23OCT19500CE,19519.56,9
1767084654.5306554,NSE_FO|NIFTY23OCT19500CE,19520.92,9
1767084655.0433867,NSE_FO|NIFTY23OCT19500CE,19522.69,1
1767084655.5460503,NSE_FO|NIFTY23OCT19500CE,19523.2,8
1767084656.0567293,NSE_FO|NIFTY23OCT19500CE,19524.78,6
1767084656.563375,NSE_FO|NIFTY23OCT19500CE,19527.0,4
1767084657.075582,NSE_FO|NIFTY23OCT19500CE,19526.99,1
1767084657.5854392,NSE_FO|NIFTY23OCT19500CE,19528.14,10
1767084658.1009493,NSE_FO|NIFTY23OCT19500CE,19529.12,9
1767084658.606294,NSE_FO|NIFTY23OCT19500CE,19530.4,8
1767084659.1104178,NSE_FO|NIFTY23OCT19500CE,19531.17,2
1767084659.617008,NSE_FO|NIFTY23OCT19500CE,19529.34,8
1767084660.120641,NSE_FO|NIFTY23OCT19500CE,19529.15,7
1767084660.6258268,NSE_FO|NIFTY23OCT19500CE,19529.72,6
1767084661.1407459,NSE_FO|NIFTY23OCT19500CE,19531.82,8
1767084661.656957,NSE_FO|NIFTY23OCT19500CE,19531.61,3
1767084662.1595154,NSE_FO|NIFTY23OCT19500CE,19533.93,2
1767084662.6755123,NSE_FO|NIFTY23OCT19500CE,19535.02,5
1767084663.1861637,NSE_FO|NIFTY23OCT19500CE,19533.51,10
1767084663.6998925,NSE_FO|NIFTY23OCT19500CE,19533.16,6
1767084664.2085989,NSE_FO|NIFTY23OCT19500CE,19533.08,1
1767084664.715428,NSE_FO|NIFTY23OCT19500CE,19534.56,3
1767084665.2218945,NSE_FO|NIFTY23OCT19500CE,19536.81,10
1767084665.736875,NSE_FO|NIFTY23OCT19500CE,19539.67,7
1767084666.2446625,NSE_FO|NIFTY23OCT19500CE,19539.1,10
1767084666.7537332,NSE_FO|NIFTY23OCT19500CE,19541.49,4
1767084667.2663667,NSE_FO|NIFTY23OCT19500CE,19542.59,9
1767084667.778998,NSE_FO|NIFTY23OCT19500CE,19542.11,2
1767084668.2947211,NSE_FO|NIFTY23OCT19500CE,19541.15,1
1767084668.7995276,NSE_FO|NIFTY23OCT19500CE,19543.21,7
1767084669.3064983,NSE_FO|NIFTY23OCT19500CE,19545.92,3
1767084669.8096762,NSE_FO|NIFTY23OCT19500CE,19544.45,8
1767084670.322839,NSE_FO|NIFTY23OCT19500CE,19544.68,8
1767084670.835987,NSE_FO|NIFTY23OCT19500CE,19544.49,10
1767084671.340657,NSE_FO|NIFTY23OCT19500CE,19542.93,8
1767084671.8590848,NSE_FO|NIFTY23OCT19500CE,19543.77,10
1767084672.3755357,NSE_FO|NIFTY23OCT19500CE,19544.33,7
1767084672.8776367,NSE_FO|NIFTY23OCT19500CE,19543.09,10
1767084673.379015,NSE_FO|NIFTY23OCT19500CE,19545.87,3
1767084673.8832145,NSE_FO|NIFTY23OCT19500CE,19547.76,6
1767084674.3871925,NSE_FO|NIFTY23OCT19500CE,19546.16,4
1767084674.8884094,NSE_FO|NIFTY23OCT19500CE,19546.43,6
1767084675.395465,NSE_FO|NIFTY23OCT19500CE,19545.14,1
1767084675.8983622,NSE_FO|NIFTY23OCT19500CE,19546.57,4
1767084676.414959,NSE_FO|NIFTY23OCT19500CE,19545.61,7
1767084676.925361,NSE_FO|NIFTY23OCT19500CE,19545.41,4
1767084677.4400883,NSE_FO|NIFTY23OCT19500CE,19546.7,9
1767084677.9478366,NSE_FO|NIFTY23OCT19500CE,19545.65,3
1767084678.4514096,NSE_FO|NIFTY23OCT19500CE,19546.99,7
1767084678.9568517,NSE_FO|NIFTY23OCT19500CE,19545.2,2
1767084679.473419,NSE_FO|NIFTY23OCT19500CE,19545.1,1
1767084679.9876041,NSE_FO|NIFTY23OCT19500CE,19543.89,10
1767084680.4919982,NSE_FO|NIFTY23OCT19500CE,19543.62,6
1767084680.993955,NSE_FO|NIFTY23OCT19500CE,19544.98,9
1767084681.5081933,NSE_FO|NIFTY23OCT19500CE,19544.79,9
1767084682.0116124,NSE_FO|NIFTY23OCT19500CE,19543.4,3
1767084682.5188787,NSE_FO|NIFTY23OCT19500CE,19542.28,9
1767084683.0200558,NSE_FO|NIFTY23OCT19500CE,19542.25,2
1767084683.5293143,NSE_FO|NIFTY23OCT19500CE,19541.25,3
1767084684.0449748,NSE_FO|NIFTY23OCT19500CE,19542.44,2
1767084684.54887,NSE_FO|NIFTY23OCT19500CE,19541.41,10
1767084685.0505295,NSE_FO|NIFTY23OCT19500CE,19540.65,6
1767084685.5519068,NSE_FO|NIFTY23OCT19500CE,19539.16,10
1767084686.0533984,NSE_FO|NIFTY23OCT19500CE,19537.43,9
1767084686.5636845,NSE_FO|NIFTY23OCT19500CE,19535.84,1
1767084687.0699437,NSE_FO|NIFTY23OCT19500CE,19535.31,5
1767084687.5822487,NSE_FO|NIFTY23OCT19500CE,19536.27,10
1767084688.0845215,NSE_FO|NIFTY23OCT19500CE,19536.88,9
1767084688.5861685,NSE_FO|NIFTY23OCT19500CE,19538.76,10
1767084689.1001227,NSE_FO|NIFTY23OCT19500CE,19538.27,4
1767084689.6026988,NSE_FO|NIFTY23OCT19500CE,19541.0,8
1767084690.1044307,NSE_FO|NIFTY23OCT19500CE,19543.8,10
1767084690.6056182,NSE_FO|NIFTY23OCT19500CE,19542.84,9
1767084691.1067758,NSE_FO|NIFTY23OCT19500CE,19543.61,8
1767084691.6213236,NSE_FO|NIFTY23OCT19500CE,19546.57,8
1767084692.1228273,NSE_FO|NIFTY23OCT19500CE,19548.76,1
1767084692.635172,NSE_FO|NIFTY23OCT19500CE,19547.84,10
1767084693.1362548,NSE_FO|NIFTY23OCT19500CE,19550.69,9
1767084693.6408823,NSE_FO|NIFTY23OCT19500CE,19551.23,6
1767084694.1552827,NSE_FO|NIFTY23OCT19500CE,19549.36,9
1767084694.6707342,NSE_FO|NIFTY23OCT19500CE,19550.77,5
1767084695.173798,NSE_FO|NIFTY23OCT19500CE,19552.91,1
1767084695.6888094,NSE_FO|NIFTY23OCT19500CE,19553.58,8
1767084696.19363,NSE_FO|NIFTY23OCT19500CE,19555.97,1
1767084696.7063978,NSE_FO|NIFTY23OCT19500CE,19554.29,3
1767084697.2108405,NSE_FO|NIFTY23OCT19500CE,19554.08,9
1767084697.725346,NSE_FO|NIFTY23OCT19500CE,19555.79,8
1767084698.227785,NSE_FO|NIFTY23OCT19500CE,19556.63,4
1767084698.740792,NSE_FO|NIFTY23OCT19500CE,19556.67,8
1767084699.2436671,NSE_FO|NIFTY23OCT19500CE,19558.17,4
1767084699.7460656,NSE_FO|NIFTY23OCT19500CE,19560.41,4
1767084700.2596872,NSE_FO|NIFTY23OCT19500CE,19559.36,8
1767084700.7751107,NSE_FO|NIFTY23OCT19500CE,19560.87,4
1767084701.2769458,NSE_FO|NIFTY23OCT19500CE,19562.37,3
1767084701.7806973,NSE_FO|NIFTY23OCT19500CE,19560.62,8
1767084702.2944527,NSE_FO|NIFTY23OCT19500CE,19561.13,5
1767084702.7955859,NSE_FO|NIFTY23OCT19500CE,19562.7,4
1767084703.3118415,NSE_FO|NIFTY23OCT19500CE,19561.38,4
1767084703.8142362,NSE_FO|NIFTY23OCT19500CE,19561.74,10
1767084704.3293624,NSE_FO|NIFTY23OCT19500CE,19561.53,5
1767084704.831822,NSE_FO|NIFTY23OCT19500CE,19561.2,1
1767084705.3466513,NSE_FO|NIFTY23OCT19500CE,19561.55,4
1767084705.8490884,NSE_FO|NIFTY23OCT19500CE,19564.12,10
1767084706.3506463,NSE_FO|NIFTY23OCT19500CE,19562.15,3
1767084706.8521652,NSE_FO|NIFTY23OCT19500CE,19563.16,4
1767084707.3681483,NSE_FO|NIFTY23OCT19500CE,19563.97,9
1767084707.882436,NSE_FO|NIFTY23OCT19500CE,19562.2,8
1767084708.3877964,NSE_FO|NIFTY23OCT19500CE,19564.67,1
1767084708.9022274,NSE_FO|NIFTY23OCT19500CE,19567.6,9
1767084709.4129467,NSE_FO|NIFTY23OCT19500CE,19568.67,3
1767084709.9173114,NSE_FO|NIFTY23OCT19500CE,19568.45,1
1767084710.4210327,NSE_FO|NIFTY23OCT19500CE,19568.02,8
1767084710.9360764,NSE_FO|NIFTY23OCT19500CE,19570.87,1
1767084711.4503636,NSE_FO|NIFTY23OCT19500CE,19572.45,9
1767084711.9523952,NSE_FO|NIFTY23OCT19500CE,19575.13,9
1767084712.4557784,NSE_FO|NIFTY23OCT19500CE,19578.02,9
1767084712.958311,NSE_FO|NIFTY23OCT19500CE,19576.12,8
1767084713.4593713,NSE_FO|NIFTY23OCT19500CE,19578.88,3
1767084713.9706187,NSE_FO|NIFTY23OCT19500CE,19580.95,7
1767084714.486695,NSE_FO|NIFTY23OCT19500CE,19580.09,7
1767084714.9884608,NSE_FO|NIFTY23OCT19500CE,19579.44,5
1767084715.5052273,NSE_FO|NIFTY23OCT19500CE,19579.61,6
1767084716.0214324,NSE_FO|NIFTY23OCT19500CE,19579.93,7
1767084716.5238173,NSE_FO|NIFTY23OCT19500CE,19581.29,4
1767084717.025273,NSE_FO|NIFTY23OCT19500CE,19580.31,1
1767084717.5420275,NSE_FO|NIFTY23OCT19500CE,19581.35,4
1767084718.0439248,NSE_FO|NIFTY23OCT19500CE,19582.79,6
1767084718.559834,NSE_FO|NIFTY23OCT19500CE,19581.1,9
1767084719.0614574,NSE_FO|NIFTY23OCT19500CE,19584.05,6
1767084719.5752347,NSE_FO|NIFTY23OCT19500CE,19583.07,8
1767084720.0785153,NSE_FO|NIFTY23OCT19500CE,19585.44,3
1767084720.5801709,NSE_FO|NIFTY23OCT19500CE,19585.25,3
1767084721.0949306,NSE_FO|NIFTY23OCT19500CE,19583.77,10
1767084721.6094422,NSE_FO|NIFTY23OCT19500CE,19586.34,9
1767084722.1119611,NSE_FO|NIFTY23OCT19500CE,19588.22,1
1767084722.6140616,NSE_FO|NIFTY23OCT19500CE,19586.27,9
1767084723.131351,NSE_FO|NIFTY23OCT19500CE,19586.86,3
1767084723.632967,NSE_FO|NIFTY23OCT19500CE,19585.32,3
1767084724.144855,NSE_FO|NIFTY23OCT19500CE,19586.75,2
1767084724.649252,NSE_FO|NIFTY23OCT19500CE,19587.73,3
1767084725.1504116,NSE_FO|NIFTY23OCT19500CE,19586.92,1
1767084725.663621,NSE_FO|NIFTY23OCT19500CE,19588.66,9
1767084726.1673646,NSE_FO|NIFTY23OCT19500CE,19587.26,10
1767084726.6811638,NSE_FO|NIFTY23OCT19500CE,19588.46,6
1767084727.1970947,NSE_FO|NIFTY23OCT19500CE,19587.18,5
1767084727.7002747,NSE_FO|NIFTY23OCT19500CE,19586.58,3
1767084728.2026515,NSE_FO|NIFTY23OCT19500CE,19586.3,7
1767084728.7162266,NSE_FO|NIFTY23OCT19500CE,19588.18,5
1767084729.2318306,NSE_FO|NIFTY23OCT19500CE,19586.19,1
1767084729.7330434,NSE_FO|NIFTY23OCT19500CE,19587.55,9
1767084730.2368183,NSE_FO|NIFTY23OCT19500CE,19585.73,2
1767084730.7511086,NSE_FO|NIFTY23OCT19500CE,19587.37,8
1767084731.2528932,NSE_FO|NIFTY23OCT19500CE,19586.08,5
1767084731.7682095,NSE_FO|NIFTY23OCT19500CE,19584.36,1
1767084732.2712975,NSE_FO|NIFTY23OCT19500CE,19587.04,1
1767084732.7728305,NSE_FO|NIFTY23OCT19500CE,19588.99,8
1767084733.274574,NSE_FO|NIFTY23OCT19500CE,19589.69,4
1767084733.7855434,NSE_FO|NIFTY23OCT19500CE,19590.84,1
1767084734.2874024,NSE_FO|NIFTY23OCT19500CE,19589.55,5
1767084734.8041306,NSE_FO|NIFTY23OCT19500CE,19589.62,6
1767084735.305536,NSE_FO|NIFTY23OCT19500CE,19587.71,2
1767084735.809376,NSE_FO|NIFTY23OCT19500CE,19585.91,2
1767084736.322443,NSE_FO|NIFTY23OCT19500CE,19587.81,8
1767084736.838792,NSE_FO|NIFTY23OCT19500CE,19587.29,5
1767084737.3432248,NSE_FO|NIFTY23OCT19500CE,19590.19,9
1767084737.844516,NSE_FO|NIFTY23OCT19500CE,19588.96,5
1767084738.3583252,NSE_FO|NIFTY23OCT19500CE,19589.38,10
1767084738.8734,NSE_FO|NIFTY23OCT19500CE,19589.32,8
1767084739.3835728,NSE_FO|NIFTY23OCT19500CE,19592.29,4
1767084739.890957,NSE_FO|NIFTY23OCT19500CE,19593.03,6
1767084740.3927836,NSE_FO|NIFTY23OCT19500CE,19593.6,3
1767084740.8961275,NSE_FO|NIFTY23OCT19500CE,19594.28,8
1767084741.3982608,NSE_FO|NIFTY23OCT19500CE,19595.31,2
1767084741.9097073,NSE_FO|NIFTY23OCT19500CE,19596.47,1
1767084742.4110508,NSE_FO|NIFTY23OCT19500CE,19598.96,5
1767084742.9129705,NSE_FO|NIFTY23OCT19500CE,19599.82,4
1767084743.4146245,NSE_FO|NIFTY23OCT19500CE,19598.69,9
1767084743.9155831,NSE_FO|NIFTY23OCT19500CE,19599.4,4
1767084744.4340243,NSE_FO|NIFTY23OCT19500CE,19600.31,5
1767084744.9498296,NSE_FO|NIFTY23OCT19500CE,19600.28,8
1767084745.4626675,NSE_FO|NIFTY23OCT19500CE,19600.76,6
1767084745.9676216,NSE_FO|NIFTY23OCT19500CE,19600.33,8
1767084746.4802535,NSE_FO|NIFTY23OCT19500CE,19599.62,7
1767084746.9829981,NSE_FO|NIFTY23OCT19500CE,19598.13,7
1767084747.4941332,NSE_FO|NIFTY23OCT19500CE,19597.98,4
1767084747.9993274,NSE_FO|NIFTY23OCT19500CE,19598.22,1
1767084748.5151627,NSE_FO|NIFTY23OCT19500CE,19597.06,6
1767084749.0197234,NSE_FO|NIFTY23OCT19500CE,19597.84,6
1767084749.5348673,NSE_FO|NIFTY23OCT19500CE,19597.96,2
1767084750.036981,NSE_FO|NIFTY23OCT19500CE,19598.98,1
1767084750.5494604,NSE_FO|NIFTY23OCT19500CE,19601.15,8
1767084751.0512745,NSE_FO|NIFTY23OCT19500CE,19603.75,7
1767084751.5525181,NSE_FO|NIFTY23OCT19500CE,19605.01,5
1767084752.0553448,NSE_FO|NIFTY23OCT19500CE,19607.55,9
1767084752.5691926,NSE_FO|NIFTY23OCT19500CE,19607.34,5
1767084753.070832,NSE_FO|NIFTY23OCT19500CE,19610.26,9
1767084753.5747201,NSE_FO|NIFTY23OCT19500CE,19610.58,5
1767084754.0870726,NSE_FO|NIFTY23OCT19500CE,19613.24,7
1767084754.5896256,NSE_FO|NIFTY23OCT19500CE,19613.38,8
1767084755.0918534,NSE_FO|NIFTY23OCT19500CE,19612.61,2
1767084755.6035461,NSE_FO|NIFTY23OCT19500CE,19611.8,6
1767084756.1066134,NSE_FO|NIFTY23OCT19500CE,19610.65,6
1767084756.60809,NSE_FO|NIFTY23OCT19500CE,19609.7,10
1767084757.110326,NSE_FO|NIFTY23OCT19500CE,19607.89,8
1767084757.6233037,NSE_FO|NIFTY23OCT19500CE,19609.58,2
1767084758.1258457,NSE_FO|NIFTY23OCT19500CE,19612.41,2
1767084758.6273603,NSE_FO|NIFTY23OCT19500CE,19613.66,3
1767084759.1400402,NSE_FO|NIFTY23OCT19500CE,19613.81,6
1767084759.6431918,NSE_FO|NIFTY23OCT19500CE,19616.45,10
1767084760.1589344,NSE_FO|NIFTY23OCT19500CE,19616.78,4
1767084760.6608052,NSE_FO|NIFTY23OCT19500CE,19619.54,1
1767084761.162925,NSE_FO|NIFTY23OCT19500CE,19618.64,8
1767084761.6767204,NSE_FO|NIFTY23OCT19500CE,19618.34,9
1767084762.1781824,NSE_FO|NIFTY23OCT19500CE,19619.12,4
1767084762.681328,NSE_FO|NIFTY23OCT19500CE,19617.33,3
1767084763.194576,NSE_FO|NIFTY23OCT19500CE,19620.24,1
1767084763.6985822,NSE_FO|NIFTY23OCT19500CE,19620.96,1
1767084764.2033424,NSE_FO|NIFTY23OCT19500CE,19623.15,9
1767084764.7146633,NSE_FO|NIFTY23OCT19500CE,19622.65,1
1767084765.2162943,NSE_FO|NIFTY23OCT19500CE,19623.69,9
1767084765.7288992,NSE_FO|NIFTY23OCT19500CE,19624.94,7
1767084766.2325225,NSE_FO|NIFTY23OCT19500CE,19626.65,3
1767084766.734568,NSE_FO|NIFTY23OCT19500CE,19627.66,4
1767084767.2479966,NSE_FO|NIFTY23OCT19500CE,19627.4,8
1767084767.7504983,NSE_FO|NIFTY23OCT19500CE,19627.62,7
1767084768.2653813,NSE_FO|NIFTY23OCT19500CE,19630.3,10
1767084768.7664258,NSE_FO|NIFTY23OCT19500CE,19629.59,3
1767084769.2820418,NSE_FO|NIFTY23OCT19500CE,19629.79,8
1767084769.7834158,NSE_FO|NIFTY23OCT19500CE,19629.65,6
1767084770.286398,NSE_FO|NIFTY23OCT19500CE,19628.72,4
1767084770.7873127,NSE_FO|NIFTY23OCT19500CE,19628.03,3
1767084771.2911086,NSE_FO|NIFTY23OCT19500CE,19629.48,7
1767084771.802846,NSE_FO|NIFTY23OCT19500CE,19627.82,9
1767084772.3180609,NSE_FO|NIFTY23OCT19500CE,19626.04,6
1767084772.8204558,NSE_FO|NIFTY23OCT19500CE,19625.98,1
1767084773.3231244,NSE_FO|NIFTY23OCT19500CE,19626.03,9
1767084773.8248518,NSE_FO|NIFTY23OCT19500CE,19626.19,6
1767084774.335694,NSE_FO|NIFTY23OCT19500CE,19626.44,1
1767084774.8368993,NSE_FO|NIFTY23OCT19500CE,19626.65,10
1767084775.3411434,NSE_FO|NIFTY23OCT19500CE,19625.42,5
1767084775.8570392,NSE_FO|NIFTY23OCT19500CE,19624.48,4
1767084776.3716452,NSE_FO|NIFTY23OCT19500CE,19626.28,2
1767084776.8746169,NSE_FO|NIFTY23OCT19500CE,19625.62,7
1767084777.376353,NSE_FO|NIFTY23OCT19500CE,19624.47,8
1767084777.8891716,NSE_FO|NIFTY23OCT19500CE,19622.93,6
1767084778.39831,NSE_FO|NIFTY23OCT19500CE,19621.5,2
1767084778.9058337,NSE_FO|NIFTY23OCT19500CE,19620.29,6
1767084779.4103076,NSE_FO|NIFTY23OCT19500CE,19620.91,9
1767084779.9127617,NSE_FO|NIFTY23OCT19500CE,19623.63,8
1767084780.4155667,NSE_FO|NIFTY23OCT19500CE,19622.22,5
1767084780.9298859,NSE_FO|NIFTY23OCT19500CE,19624.55,9
1767084781.4430962,NSE_FO|NIFTY23OCT19500CE,19626.85,6
1767084781.944951,NSE_FO|NIFTY23OCT19500CE,19625.41,8
1767084782.4513931,NSE_FO|NIFTY23OCT19500CE,19626.09,8
1767084782.9617631,NSE_FO|NIFTY23OCT19500CE,19625.18,10
1767084783.4726634,NSE_FO|NIFTY23OCT19500CE,19626.22,3
1767084783.9783127,NSE_FO|NIFTY23OCT19500CE,19626.39,6
1767084784.4808633,NSE_FO|NIFTY23OCT19500CE,19627.2,5
1767084784.9857442,NSE_FO|NIFTY23OCT19500CE,19627.99,1
1767084785.497114,NSE_FO|NIFTY23OCT19500CE,19626.52,2
1767084786.000995,NSE_FO|NIFTY23OCT19500CE,19625.82,6
1767084786.5128582,NSE_FO|NIFTY23OCT19500CE,19626.09,9
1767084787.016069,NSE_FO|NIFTY23OCT19500CE,19625.45,3
1767084787.5288503,NSE_FO|NIFTY23OCT19500CE,19624.17,9
1767084788.031738,NSE_FO|NIFTY23OCT19500CE,19623.05,5
1767084788.5348897,NSE_FO|NIFTY23OCT19500CE,19621.24,4
1767084789.0359893,NSE_FO|NIFTY23OCT19500CE,19623.91,7
1767084789.5489793,NSE_FO|NIFTY23OCT19500CE,19624.73,3
1767084790.0508316,NSE_FO|NIFTY23OCT19500CE,19624.04,4
1767084790.5659637,NSE_FO|NIFTY23OCT19500CE,19626.63,7
1767084791.0669308,NSE_FO|NIFTY23OCT19500CE,19627.98,10
1767084791.5684042,NSE_FO|NIFTY23OCT19500CE,19627.25,4
1767084792.0695438,NSE_FO|NIFTY23OCT19500CE,19626.75,10
1767084792.5728855,NSE_FO|NIFTY23OCT19500CE,19629.21,5
1767084793.0762677,NSE_FO|NIFTY23OCT19500CE,19627.23,4
1767084793.5872939,NSE_FO|NIFTY23OCT19500CE,19627.8,5
1767084794.1036887,NSE_FO|NIFTY23OCT19500CE,19627.26,5
1767084794.6079555,NSE_FO|NIFTY23OCT19500CE,19628.55,4
1767084795.1227524,NSE_FO|NIFTY23OCT19500CE,19630.65,10
1767084795.6379826,NSE_FO|NIFTY23OCT19500CE,19632.12,5
1767084796.1410856,NSE_FO|NIFTY23OCT19500CE,19635.04,6
1767084796.643711,NSE_FO|NIFTY23OCT19500CE,19636.16,2
1767084797.1510022,NSE_FO|NIFTY23OCT19500CE,19636.55,2
1767084797.658819,NSE_FO|NIFTY23OCT19500CE,19636.06,10
1767084798.1733854,NSE_FO|NIFTY23OCT19500CE,19638.01,10
1767084798.689644,NSE_FO|NIFTY23OCT19500CE,19640.47,3
1767084799.190965,NSE_FO|NIFTY23OCT19500CE,19638.79,5
1767084799.7081153,NSE_FO|NIFTY23OCT19500CE,19638.32,10
1767084800.2172823,NSE_FO|NIFTY23OCT19500CE,19636.52,1
1767084800.7302697,NSE_FO|NIFTY23OCT19500CE,19636.05,3
1767084801.2408075,NSE_FO|NIFTY23OCT19500CE,19638.97,4
1767084801.7449079,NSE_FO|NIFTY23OCT19500CE,19641.46,2
1767084802.2600248,NSE_FO|NIFTY23OCT19500CE,19640.77,10
1767084802.7623336,NSE_FO|NIFTY23OCT19500CE,19639.92,4
1767084803.2752104,NSE_FO|NIFTY23OCT19500CE,19641.42,10
1767084803.7785056,NSE_FO|NIFTY23OCT19500CE,19642.8,8
1767084804.2862816,NSE_FO|NIFTY23OCT19500CE,19642.81,1
1767084804.7913494,NSE_FO|NIFTY23OCT19500CE,19643.83,7
1767084805.294549,NSE_FO|NIFTY23OCT19500CE,19644.76,6
1767084805.7983482,NSE_FO|NIFTY23OCT19500CE,19647.28,8
1767084806.311901,NSE_FO|NIFTY23OCT19500CE,19646.97,9
1767084806.8276231,NSE_FO|NIFTY23OCT19500CE,19647.62,4
1767084807.3313453,NSE_FO|NIFTY23OCT19500CE,19649.07,4
1767084807.842813,NSE_FO|NIFTY23OCT19500CE,19651.77,5
1767084808.3556654,NSE_FO|NIFTY23OCT19500CE,19651.75,7
1767084808.8678818,NSE_FO|NIFTY23OCT19500CE,19653.93,6
1767084809.3736129,NSE_FO|NIFTY23OCT19500CE,19654.78,6
1767084809.8842244,NSE_FO|NIFTY23OCT19500CE,19656.0,4
1767084810.4018004,NSE_FO|NIFTY23OCT19500CE,19657.88,7
1767084810.9036922,NSE_FO|NIFTY23OCT19500CE,19659.08,4
1767084811.4179938,NSE_FO|NIFTY23OCT19500CE,19658.91,10
1767084811.925976,NSE_FO|NIFTY23OCT19500CE,19657.46,2
1767084812.4390988,NSE_FO|NIFTY23OCT19500CE,19657.47,9
1767084812.9505057,NSE_FO|NIFTY23OCT19500CE,19656.33,1
1767084813.453244,NSE_FO|NIFTY23OCT19500CE,19656.25,7
1767084813.9655397,NSE_FO|NIFTY23OCT19500CE,19655.99,6
1767084814.4709284,NSE_FO|NIFTY23OCT19500CE,19655.87,4
1767084814.9876683,NSE_FO|NIFTY23OCT19500CE,19657.86,1
1767084815.5013056,NSE_FO|NIFTY23OCT19500CE,19659.82,8
1767084816.0054724,NSE_FO|NIFTY23OCT19500CE,19660.64,10
1767084816.5222638,NSE_FO|NIFTY23OCT19500CE,19658.64,4
1767084817.0242467,NSE_FO|NIFTY23OCT19500CE,19658.13,6
1767084817.5395203,NSE_FO|NIFTY23OCT19500CE,19657.52,1
1767084818.0569372,NSE_FO|NIFTY23OCT19500CE,19658.81,4
1767084818.5598366,NSE_FO|NIFTY23OCT19500CE,19661.35,8
1767084819.0732253,NSE_FO|NIFTY23OCT19500CE,19659.64,10
1767084819.5899842,NSE_FO|NIFTY23OCT19500CE,19659.84,8
1767084820.0923936,NSE_FO|NIFTY23OCT19500CE,19661.33,6
1767084820.6092668,NSE_FO|NIFTY23OCT19500CE,19663.86,4
1767084821.1169431,NSE_FO|NIFTY23OCT19500CE,19663.09,7
1767084821.6185327,NSE_FO|NIFTY23OCT19500CE,19662.87,7
1767084822.121768,NSE_FO|NIFTY23OCT19500CE,19664.34,10
1767084822.630172,NSE_FO|NIFTY23OCT19500CE,19663.22,2
1767084823.1432445,NSE_FO|NIFTY23OCT19500CE,19664.14,10
1767084823.6613798,NSE_FO|NIFTY23OCT19500CE,19665.26,9
1767084824.1756363,NSE_FO|NIFTY23OCT19500CE,19665.99,10
1767084824.6836278,NSE_FO|NIFTY23OCT19500CE,19666.29,4
1767084825.1962898,NSE_FO|NIFTY23OCT19500CE,19666.23,3
1767084825.7045372,NSE_FO|NIFTY23OCT19500CE,19665.75,9
1767084826.2113206,NSE_FO|NIFTY23OCT19500CE,19665.49,2
1767084826.7149842,NSE_FO|NIFTY23OCT19500CE,19666.76,10
1767084827.3731284,NSE_FO|NIFTY23OCT19500CE,19665.87,3
1767084827.8797266,NSE_FO|NIFTY23OCT19500CE,19665.78,6
1767084828.3938696,NSE_FO|NIFTY23OCT19500CE,19667.27,8
1767084828.9031286,NSE_FO|NIFTY23OCT19500CE,19666.02,7
1767084829.4162345,NSE_FO|NIFTY23OCT19500CE,19664.77,7
1767084829.9286752,NSE_FO|NIFTY23OCT19500CE,19664.88,3
1767084830.4318528,NSE_FO|NIFTY23OCT19500CE,19667.24,10
1767084830.934065,NSE_FO|NIFTY23OCT19500CE,19666.21,6
1767084831.4468293,NSE_FO|NIFTY23OCT19500CE,19666.67,1
1767084831.9505024,NSE_FO|NIFTY23OCT19500CE,19666.43,1
1767084832.468272,NSE_FO|NIFTY23OCT19500CE,19666.34,3
1767084832.9712586,NSE_FO|NIFTY23OCT19500CE,19667.01,3
1767084833.4852464,NSE_FO|NIFTY23OCT19500CE,19668.21,10
1767084833.9970305,NSE_FO|NIFTY23OCT19500CE,19667.88,7
1767084834.5029013,NSE_FO|NIFTY23OCT19500CE,19668.13,3
1767084835.0172877,NSE_FO|NIFTY23OCT19500CE,19670.52,4
1767084835.5204384,NSE_FO|NIFTY23OCT19500CE,19672.0,6
1767084836.0363379,NSE_FO|NIFTY23OCT19500CE,19673.06,5
1767084836.5479295,NSE_FO|NIFTY23OCT19500CE,19673.15,6
1767084837.052319,NSE_FO|NIFTY23OCT19500CE,19674.89,4
1767084837.5598848,NSE_FO|NIFTY23OCT19500CE,19674.73,3
1767084838.0674381,NSE_FO|NIFTY23OCT19500CE,19676.78,10
1767084838.5752432,NSE_FO|NIFTY23OCT19500CE,19678.78,10
1767084839.079177,NSE_FO|NIFTY23OCT19500CE,19678.98,5
1767084839.5914717,NSE_FO|NIFTY23OCT19500CE,19680.08,6
1767084840.1100867,NSE_FO|NIFTY23OCT19500CE,19682.08,8
1767084840.6206422,NSE_FO|NIFTY23OCT19500CE,19683.79,5
1767084841.12578,NSE_FO|NIFTY23OCT19500CE,19684.04,7
1767084841.6413617,NSE_FO|NIFTY23OCT19500CE,19683.36,6
1767084842.1445663,NSE_FO|NIFTY23OCT19500CE,19682.98,1
1767084842.6597064,NSE_FO|NIFTY23OCT19500CE,19681.12,9
1767084843.1665034,NSE_FO|NIFTY23OCT19500CE,19681.68,10
1767084843.6711962,NSE_FO|NIFTY23OCT19500CE,19679.95,5
1767084844.1867368,NSE_FO|NIFTY23OCT19500CE,19681.74,8
1767084844.6920292,NSE_FO|NIFTY23OCT19500CE,19683.71,9
1767084845.1981418,NSE_FO|NIFTY23OCT19500CE,19685.19,1
1767084845.7027388,NSE_FO|NIFTY23OCT19500CE,19684.57,8
1767084846.2114453,NSE_FO|NIFTY23OCT19500CE,19686.02,2
1767084846.726975,NSE_FO|NIFTY23OCT19500CE,19684.06,7
1767084847.2312503,NSE_FO|NIFTY23OCT19500CE,19683.93,2
1767084847.7469108,NSE_FO|NIFTY23OCT19500CE,19684.62,10
1767084848.2594633,NSE_FO|NIFTY23OCT19500CE,19687.53,2
1767084848.7765894,NSE_FO|NIFTY23OCT19500CE,19688.92,2
1767084849.2835116,NSE_FO|NIFTY23OCT19500CE,19691.68,8
1767084849.798144,NSE_FO|NIFTY23OCT19500CE,19693.73,4
1767084850.3009682,NSE_FO|NIFTY23OCT19500CE,19694.15,5
1767084850.8156235,NSE_FO|NIFTY23OCT19500CE,19693.85,7
1767084851.3185651,NSE_FO|NIFTY23OCT19500CE,19695.07,2
1767084851.8341672,NSE_FO|NIFTY23OCT19500CE,19694.33,5
1767084852.3523932,NSE_FO|NIFTY23OCT19500CE,19692.68,4
1767084852.8691554,NSE_FO|NIFTY23OCT19500CE,19695.67,8
1767084853.3856227,NSE_FO|NIFTY23OCT19500CE,19698.4,9
1767084853.901312,NSE_FO|NIFTY23OCT19500CE,19700.31,8
1767084854.4041607,NSE_FO|NIFTY23OCT19500CE,19702.59,1
1767084854.917721,NSE_FO|NIFTY23OCT19500CE,19704.65,7
1767084855.42004,NSE_FO|NIFTY23OCT19500CE,19704.89,6
1767084855.9225843,NSE_FO|NIFTY23OCT19500CE,19705.43,4
1767084856.4379725,NSE_FO|NIFTY23OCT19500CE,19706.92,7
1767084856.9528549,NSE_FO|NIFTY23OCT19500CE,19705.74,6
1767084857.4569316,NSE_FO|NIFTY23OCT19500CE,19708.57,6
1767084857.973491,NSE_FO|NIFTY23OCT19500CE,19710.44,5
1767084858.4817297,NSE_FO|NIFTY23OCT19500CE,19712.41,4
1767084858.9907515,NSE_FO|NIFTY23OCT19500CE,19714.79,9
1767084859.5061524,NSE_FO|NIFTY23OCT19500CE,19714.96,3
1767084860.0222108,NSE_FO|NIFTY23OCT19500CE,19713.8,4
1767084860.5251322,NSE_FO|NIFTY23OCT19500CE,19716.61,8
1767084861.0343568,NSE_FO|NIFTY23OCT19500CE,19715.12,2
1767084861.5415485,NSE_FO|NIFTY23OCT19500CE,19717.5,5
1767084862.0582435,NSE_FO|NIFTY23OCT19500CE,19718.97,2
1767084862.571003,NSE_FO|NIFTY23OCT19500CE,19720.82,2
1767084863.0751321,NSE_FO|NIFTY23OCT19500CE,19719.49,4
1767084863.577718,NSE_FO|NIFTY23OCT19500CE,19719.96,8
1767084864.081781,NSE_FO|NIFTY23OCT19500CE,19719.26,1
1767084864.5956583,NSE_FO|NIFTY23OCT19500CE,19718.99,6
1767084865.109664,NSE_FO|NIFTY23OCT19500CE,19720.5,5
1767084865.6249485,NSE_FO|NIFTY23OCT19500CE,19720.63,5
1767084866.14122,NSE_FO|NIFTY23OCT19500CE,19722.52,6
1767084866.6464932,NSE_FO|NIFTY23OCT19500CE,19725.16,8
1767084867.1581247,NSE_FO|NIFTY23OCT19500CE,19724.43,1
1767084867.6620667,NSE_FO|NIFTY23OCT19500CE,19722.72,3
1767084868.1649494,NSE_FO|NIFTY23OCT19500CE,19724.87,9
1767084868.6749399,NSE_FO|NIFTY23OCT19500CE,19727.35,4
1767084869.180901,NSE_FO|NIFTY23OCT19500CE,19730.3,3
1767084869.6954248,NSE_FO|NIFTY23OCT19500CE,19732.12,4
1767084870.2099638,NSE_FO|NIFTY23OCT19500CE,19733.43,5
1767084870.71229,NSE_FO|NIFTY23OCT19500CE,19736.38,7
1767084871.2154148,NSE_FO|NIFTY23OCT19500CE,19735.39,1
1767084871.7251034,NSE_FO|NIFTY23OCT19500CE,19734.71,8
1767084872.2357023,NSE_FO|NIFTY23OCT19500CE,19733.9,5
1767084872.7516036,NSE_FO|NIFTY23OCT19500CE,19733.81,1
1767084873.2538826,NSE_FO|NIFTY23OCT19500CE,19733.48,6
1767084873.7667513,NSE_FO|NIFTY23OCT19500CE,19734.8,10
1767084874.2677717,NSE_FO|NIFTY23OCT19500CE,19737.23,9
1767084874.7691927,NSE_FO|NIFTY23OCT19500CE,19735.63,9
1767084875.2808387,NSE_FO|NIFTY23OCT19500CE,19737.99,10
1767084875.7837677,NSE_FO|NIFTY23OCT19500CE,19739.07,2
1767084876.2854266,NSE_FO|NIFTY23OCT19500CE,19741.8,10
1767084876.7864444,NSE_FO|NIFTY23OCT19500CE,19742.41,2
1767084877.2882252,NSE_FO|NIFTY23OCT19500CE,19740.58,9
1767084877.7902558,NSE_FO|NIFTY23OCT19500CE,19741.05,4
1767084878.3049366,NSE_FO|NIFTY23OCT19500CE,19743.75,7
1767084878.8057978,NSE_FO|NIFTY23OCT19500CE,19746.51,4
1767084879.3185065,NSE_FO|NIFTY23OCT19500CE,19746.3,8
1767084879.8224435,NSE_FO|NIFTY23OCT19500CE,19745.75,4
1767084880.3233097,NSE_FO|NIFTY23OCT19500CE,19744.1,2
1767084880.824307,NSE_FO|NIFTY23OCT19500CE,19746.39,3
1767084881.3405762,NSE_FO|NIFTY23OCT19500CE,19745.1,1
1767084881.8440201,NSE_FO|NIFTY23OCT19500CE,19745.9,7
1767084882.3454483,NSE_FO|NIFTY23OCT19500CE,19746.49,10
1767084882.8590868,NSE_FO|NIFTY23OCT19500CE,19747.83,8
1767084883.36499,NSE_FO|NIFTY23OCT19500CE,19747.76,1
1767084883.866233,NSE_FO|NIFTY23OCT19500CE,19745.8,4
1767084884.3766334,NSE_FO|NIFTY23OCT19500CE,19746.59,9
1767084884.8813758,NSE_FO|NIFTY23OCT19500CE,19748.37,10
1767084885.3955612,NSE_FO|NIFTY23OCT19500CE,19748.37,8
1767084885.9053664,NSE_FO|NIFTY23OCT19500CE,19750.73,3
1767084886.4115853,NSE_FO|NIFTY23OCT19500CE,19749.22,3
1767084886.9162521,NSE_FO|NIFTY23OCT19500CE,19749.8,5
1767084887.41886,NSE_FO|NIFTY23OCT19500CE,19751.64,2
1767084887.9224946,NSE_FO|NIFTY23OCT19500CE,19752.44,6
1767084888.4270701,NSE_FO|NIFTY23OCT19500CE,19753.39,9
1767084888.9282231,NSE_FO|NIFTY23OCT19500CE,19756.0,3
1767084889.4315557,NSE_FO|NIFTY23OCT19500CE,19758.06,7
1767084889.9342163,NSE_FO|NIFTY23OCT19500CE,19760.68,9
1767084890.4430685,NSE_FO|NIFTY23OCT19500CE,19759.34,2
1767084890.9554293,NSE_FO|NIFTY23OCT19500CE,19760.16,2
1767084891.4630902,NSE_FO|NIFTY23OCT19500CE,19759.21,2
1767084891.9785082,NSE_FO|NIFTY23OCT19500CE,19758.15,4
1767084892.484731,NSE_FO|NIFTY23OCT19500CE,19757.35,9
1767084893.0007145,NSE_FO|NIFTY23OCT19500CE,19755.66,10
1767084893.5020983,NSE_FO|NIFTY23OCT19500CE,19757.74,2
1767084894.0168147,NSE_FO|NIFTY23OCT19500CE,19760.27,9
1767084894.518723,NSE_FO|NIFTY23OCT19500CE,19760.74,9
1767084895.020103,NSE_FO|NIFTY23OCT19500CE,19759.67,2
1767084895.5264676,NSE_FO|NIFTY23OCT19500CE,19762.51,3
1767084896.03623,NSE_FO|NIFTY23OCT19500CE,19763.71,7
1767084896.5379825,NSE_FO|NIFTY23OCT19500CE,19765.36,8
1767084897.0431218,NSE_FO|NIFTY23OCT19500CE,19767.18,6
1767084897.5555737,NSE_FO|NIFTY23OCT19500CE,19770.07,5
1767084898.0582883,NSE_FO|NIFTY23OCT19500CE,19771.5,10
1767084898.560836,NSE_FO|NIFTY23OCT19500CE,19770.94,5
1767084899.073393,NSE_FO|NIFTY23OCT19500CE,19770.03,3
1767084899.5748296,NSE_FO|NIFTY23OCT19500CE,19770.6,8
1767084900.0814512,NSE_FO|NIFTY23OCT19500CE,19769.19,1
1767084900.5906572,NSE_FO|NIFTY23OCT19500CE,19769.29,3
1767084901.0916994,NSE_FO|NIFTY23OCT19500CE,19769.21,7
1767084901.608012,NSE_FO|NIFTY23OCT19500CE,19771.26,4
1767084902.122818,NSE_FO|NIFTY23OCT19500CE,19772.39,6
1767084902.6249626,NSE_FO|NIFTY23OCT19500CE,19773.68,10
1767084903.140402,NSE_FO|NIFTY23OCT19500CE,19776.0,5
1767084903.6504202,NSE_FO|NIFTY23OCT19500CE,19778.66,9
1767086253.4809413,NSE_FO|NIFTY23OCT19500CE,19498.93,2
1767087703.5165322,NSE_FO|NIFTY23OCT19500CE,19498.58,2
1767087950.867692,NSE_FO|NIFTY23OCT19500CE,19501.26,2
1767088493.056662,NSE_FO|NIFTY23OCT19500CE,19500.15,1
1769066956.3477461,NSE_FO|NIFTY23OCT19500CE,19502.46,2
1769066956.8666716,NSE_FO|NIFTY23OCT19500CE,19500.89,7
1769066957.3697946,NSE_FO|NIFTY23OCT19500CE,19500.81,10
1769066957.8726885,NSE_FO|NIFTY23OCT19500CE,19499.2,5
1769066958.3750682,NSE_FO|NIFTY23OCT19500CE,19500.47,2
1770106142.7342966,NSE_FO|NIFTY23OCT19500CE,19499.34,5
1770106143.251439,NSE_FO|NIFTY23OCT19500CE,19500.33,8
1770106143.7524242,NSE_FO|NIFTY23OCT19500CE,19501.78,7
1770106144.2673376,NSE_FO|NIFTY23OCT19500CE,19503.79,9
1770106144.7708058,NSE_FO|NIFTY23OCT19500CE,19502.06,8
1770106145.287784,NSE_FO|NIFTY23OCT19500CE,19503.67,3
1770106145.8045588,NSE_FO|NIFTY23OCT19500CE,19502.61,10
1770106146.3210127,NSE_FO|NIFTY23OCT19500CE,19502.44,9
1770106146.8366168,NSE_FO|NIFTY23OCT19500CE,19502.12,6
1770106147.3391771,NSE_FO|NIFTY23OCT19500CE,19501.34,8
1770106147.8561342,NSE_FO|NIFTY23OCT19500CE,19502.72,9
1770106148.3721879,NSE_FO|NIFTY23OCT19500CE,19502.89,8
1770106148.8739996,NSE_FO|NIFTY23OCT19500CE,19504.62,10
1770106149.3901002,NSE_FO|NIFTY23OCT19500CE,19506.51,10
1770106149.8914359,NSE_FO|NIFTY23OCT19500CE,19505.33,5
1770106150.4073124,NSE_FO|NIFTY23OCT19500CE,19504.63,8
1770106150.913308,NSE_FO|NIFTY23OCT19500CE,19506.05,10
1770106151.4247785,NSE_FO|NIFTY23OCT19500CE,19508.66,3
1770106151.940225,NSE_FO|NIFTY23OCT19500CE,19507.95,6
1770106152.4421406,NSE_FO|NIFTY23OCT19500CE,19508.24,8
1770106153.867467,NSE_FO|NIFTY23OCT19500CE,19500.71,7
1770106154.3747814,NSE_FO|NIFTY23OCT19500CE,19500.26,4
1770106154.8777997,NSE_FO|NIFTY23OCT19500CE,19502.93,10
1770106155.3823187,NSE_FO|NIFTY23OCT19500CE,19504.94,2
1770106155.8944924,NSE_FO|NIFTY23OCT19500CE,19505.97,7
1770106156.4052238,NSE_FO|NIFTY23OCT19500CE,19507.82,10
1770106156.9120245,NSE_FO|NIFTY23OCT19500CE,19508.26,8
1770106157.4270053,NSE_FO|NIFTY23OCT19500CE,19507.78,3
1770106157.9295208,NSE_FO|NIFTY23OCT19500CE,19508.01,10
1770106158.4348903,NSE_FO|NIFTY23OCT19500CE,19509.04,5
1770106159.3801677,NSE_FO|NIFTY23OCT19500CE,19508.21,1
1770106159.8823478,NSE_FO|NIFTY23OCT19500CE,19506.58,2
1770106160.3979964,NSE_FO|NIFTY23OCT19500CE,19506.09,4
1770106160.8992727,NSE_FO|NIFTY23OCT19500CE,19508.3,3
1770106161.4002624,NSE_FO|NIFTY23OCT19500CE,19507.04,1
1770106161.9128225,NSE_FO|NIFTY23OCT19500CE,19507.35,5
1770106162.7344255,NSE_FO|NIFTY23OCT19500CE,19510.01,7
1770106163.2420354,NSE_FO|NIFTY23OCT19500CE,19512.36,1
1770106163.7428925,NSE_FO|NIFTY23OCT19500CE,19511.29,1
1770106164.2547429,NSE_FO|NIFTY23OCT19500CE,19512.75,6
1770106164.7624846,NSE_FO|NIFTY23OCT19500CE,19515.54,2
1770106165.2704332,NSE_FO|NIFTY23OCT19500CE,19517.14,6
1770106165.772721,NSE_FO|NIFTY23OCT19500CE,19520.12,8
1770106166.2865198,NSE_FO|NIFTY23OCT19500CE,19520.08,7
1770106166.7883577,NSE_FO|NIFTY23OCT19500CE,19520.3,8
1770106167.2890654,NSE_FO|NIFTY23OCT19500CE,19522.79,5
1770106167.8008652,NSE_FO|NIFTY23OCT19500CE,19521.95,7
1770106168.302363,NSE_FO|NIFTY23OCT19500CE,19524.51,3
1770106168.8064246,NSE_FO|NIFTY23OCT19500CE,19525.1,1
1770106169.3220105,NSE_FO|NIFTY23OCT19500CE,19525.97,9
1770106169.8232856,NSE_FO|NIFTY23OCT19500CE,19528.87,9
1770106170.3246994,NSE_FO|NIFTY23OCT19500CE,19527.56,7
1770106170.8265712,NSE_FO|NIFTY23OCT19500CE,19528.66,10
1770106171.3404446,NSE_FO|NIFTY23OCT19500CE,19529.53,3
1770106171.8425212,NSE_FO|NIFTY23OCT19500CE,19527.8,1
1770106172.3439507,NSE_FO|NIFTY23OCT19500CE,19528.57,5
1770106172.8578799,NSE_FO|NIFTY23OCT19500CE,19529.97,8
1770106173.36023,NSE_FO|NIFTY23OCT19500CE,19532.67,7
1770106173.873504,NSE_FO|NIFTY23OCT19500CE,19531.79,4
1770106174.379292,NSE_FO|NIFTY23OCT19500CE,19529.8,1
1770106174.894087,NSE_FO|NIFTY23OCT19500CE,19531.86,4
1770106175.400575,NSE_FO|NIFTY23OCT19500CE,19532.01,10
1770106175.9104307,NSE_FO|NIFTY23OCT19500CE,19530.15,7
1770106176.4130054,NSE_FO|NIFTY23OCT19500CE,19528.66,1
1770106177.0677135,NSE_FO|NIFTY23OCT19500CE,19528.52,3
1770106177.576528,NSE_FO|NIFTY23OCT19500CE,19531.33,8
1770106178.087733,NSE_FO|NIFTY23OCT19500CE,19529.68,2
1770106178.5978577,NSE_FO|NIFTY23OCT19500CE,19528.73,5
1770106179.1072428,NSE_FO|NIFTY23OCT19500CE,19527.35,7
1770106179.6132956,NSE_FO|NIFTY23OCT19500CE,19528.85,7
1770106180.115727,NSE_FO|NIFTY23OCT19500CE,19530.25,7
1770106180.6325643,NSE_FO|NIFTY23OCT19500CE,19529.46,5
1770106181.133512,NSE_FO|NIFTY23OCT19500CE,19530.94,6
1770106181.6457026,NSE_FO|NIFTY23OCT19500CE,19532.01,4
1770106182.1576412,NSE_FO|NIFTY23OCT19500CE,19532.24,8
1770106182.6648183,NSE_FO|NIFTY23OCT19500CE,19533.94,4
1770106183.1673322,NSE_FO|NIFTY23OCT19500CE,19535.53,6
1770106183.670348,NSE_FO|NIFTY23OCT19500CE,19535.25,7
1770106184.1848824,NSE_FO|NIFTY23OCT19500CE,19533.86,7
1770106184.6863458,NSE_FO|NIFTY23OCT19500CE,19535.4,7
1770106185.18827,NSE_FO|NIFTY23OCT19500CE,19536.04,2
1770106185.7040098,NSE_FO|NIFTY23OCT19500CE,19536.98,10
1770106186.2213635,NSE_FO|NIFTY23OCT19500CE,19535.27,4
1770106186.7321072,NSE_FO|NIFTY23OCT19500CE,19534.7,4
1770106187.2378688,NSE_FO|NIFTY23OCT19500CE,19534.71,4
1770106187.7513254,NSE_FO|NIFTY23OCT19500CE,19534.57,2
1770106188.2561276,NSE_FO|NIFTY23OCT19500CE,19534.6,7
1770106188.7655523,NSE_FO|NIFTY23OCT19500CE,19536.45,2
1770106189.2721314,NSE_FO|NIFTY23OCT19500CE,19536.71,10
1770106189.773831,NSE_FO|NIFTY23OCT19500CE,19535.1,9
1770106190.286739,NSE_FO|NIFTY23OCT19500CE,19533.39,7
1770106190.7903585,NSE_FO|NIFTY23OCT19500CE,19532.61,7
1770106191.3057802,NSE_FO|NIFTY23OCT19500CE,19533.69,4
1770106191.810689,NSE_FO|NIFTY23OCT19500CE,19535.68,8
1770106192.3226626,NSE_FO|NIFTY23OCT19500CE,19537.72,3
1770106192.8251078,NSE_FO|NIFTY23OCT19500CE,19540.4,1
1770106193.3262212,NSE_FO|NIFTY23OCT19500CE,19538.83,1
1770106193.8419788,NSE_FO|NIFTY23OCT19500CE,19540.79,4
1770106194.3448088,NSE_FO|NIFTY23OCT19500CE,19540.9,6
1770106194.8605692,NSE_FO|NIFTY23OCT19500CE,19539.88,6
1770106195.3620303,NSE_FO|NIFTY23OCT19500CE,19538.63,10
1770106195.8778932,NSE_FO|NIFTY23OCT19500CE,19537.96,6
1770106196.379651,NSE_FO|NIFTY23OCT19500CE,19537.19,10
1770106196.8890655,NSE_FO|NIFTY23OCT19500CE,19539.94,6
1770106197.3995807,NSE_FO|NIFTY23OCT19500CE,19540.88,5
1770106197.9047625,NSE_FO|NIFTY23OCT19500CE,19542.98,10
1770106198.412295,NSE_FO|NIFTY23OCT19500CE,19545.86,7
1770106198.915025,NSE_FO|NIFTY23OCT19500CE,19546.3,10
1770106199.4312763,NSE_FO|NIFTY23OCT19500CE,19548.2,6
1770106200.1110811,NSE_FO|NIFTY23OCT19500CE,19549.55,1
1770106200.6148818,NSE_FO|NIFTY23OCT19500CE,19547.63,3
1770106201.1162536,NSE_FO|NIFTY23OCT19500CE,19546.45,1
1770106201.6172566,NSE_FO|NIFTY23OCT19500CE,19549.36,2
1770106202.1334543,NSE_FO|NIFTY23OCT19500CE,19551.13,7
1770106202.640802,NSE_FO|NIFTY23OCT19500CE,19549.77,10
1770106203.14944,NSE_FO|NIFTY23OCT19500CE,19548.03,1
1770106203.653298,NSE_FO|NIFTY23OCT19500CE,19547.78,2
1770106204.16192,NSE_FO|NIFTY23OCT19500CE,19549.45,8
1770106204.6697342,NSE_FO|NIFTY23OCT19500CE,19552.09,10
1770106205.1863065,NSE_FO|NIFTY23OCT19500CE,19552.2,10
1770106205.7024717,NSE_FO|NIFTY23OCT19500CE,19553.3,10
1770106206.204882,NSE_FO|NIFTY23OCT19500CE,19554.99,9
1770106206.7207735,NSE_FO|NIFTY23OCT19500CE,19554.4,5
1770106207.237657,NSE_FO|NIFTY23OCT19500CE,19553.94,4
1770106207.7391064,NSE_FO|NIFTY23OCT19500CE,19555.08,10
1770106208.2552063,NSE_FO|NIFTY23OCT19500CE,19554.73,6
1770106208.771874,NSE_FO|NIFTY23OCT19500CE,19553.4,5
1770106209.2729273,NSE_FO|NIFTY23OCT19500CE,19552.71,4
1770106209.7738702,NSE_FO|NIFTY23OCT19500CE,19550.71,9
1770106210.2901833,NSE_FO|NIFTY23OCT19500CE,19553.06,2
1770106210.8061743,NSE_FO|NIFTY23OCT19500CE,19554.39,10
1770106211.307318,NSE_FO|NIFTY23OCT19500CE,19556.7,2
1770106211.8250694,NSE_FO|NIFTY23OCT19500CE,19559.33,4
1770106212.3271406,NSE_FO|NIFTY23OCT19500CE,19560.1,5
1770106212.832083,NSE_FO|NIFTY23OCT19500CE,19562.33,6
1770106213.344065,NSE_FO|NIFTY23OCT19500CE,19564.9,10
1770106213.8603306,NSE_FO|NIFTY23OCT19500CE,19563.45,9
1770106214.368649,NSE_FO|NIFTY23OCT19500CE,19562.67,10
1770106214.870023,NSE_FO|NIFTY23OCT19500CE,19562.8,8
1770106215.3798425,NSE_FO|NIFTY23OCT19500CE,19563.53,4
1770106215.8817637,NSE_FO|NIFTY23OCT19500CE,19564.51,5
1770106216.3962035,NSE_FO|NIFTY23OCT19500CE,19567.38,1
1770106216.9106412,NSE_FO|NIFTY23OCT19500CE,19568.89,2
1770106217.4135678,NSE_FO|NIFTY23OCT19500CE,19570.21,5
1770106217.9146423,NSE_FO|NIFTY23OCT19500CE,19568.31,10
1770106218.416274,NSE_FO|NIFTY23OCT19500CE,19568.34,9
1770106218.920825,NSE_FO|NIFTY23OCT19500CE,19566.47,5
1770106219.430465,NSE_FO|NIFTY23OCT19500CE,19565.73,2
1770106219.931495,NSE_FO|NIFTY23OCT19500CE,19567.77,3
1770106220.4343169,NSE_FO|NIFTY23OCT19500CE,19566.2,9
1770106220.9441242,NSE_FO|NIFTY23OCT19500CE,19567.92,3
1770106221.4502428,NSE_FO|NIFTY23OCT19500CE,19566.34,6
1770106221.9552562,NSE_FO|NIFTY23OCT19500CE,19568.63,8
1770106222.466251,NSE_FO|NIFTY23OCT19500CE,19568.42,4
1770106222.9674845,NSE_FO|NIFTY23OCT19500CE,19568.04,2
1770106223.468655,NSE_FO|NIFTY23OCT19500CE,19569.99,6
1770106223.9706273,NSE_FO|NIFTY23OCT19500CE,19572.08,6
1770106224.4854097,NSE_FO|NIFTY23OCT19500CE,19571.19,7
1770106224.9865937,NSE_FO|NIFTY23OCT19500CE,19572.71,3
1770106225.4891334,NSE_FO|NIFTY23OCT19500CE,19574.9,6
1770106226.0026667,NSE_FO|NIFTY23OCT19500CE,19574.84,3
1770106226.5043502,NSE_FO|NIFTY23OCT19500CE,19576.56,8
1770106227.0205147,NSE_FO|NIFTY23OCT19500CE,19575.38,5
1770106227.5238938,NSE_FO|NIFTY23OCT19500CE,19576.78,4
1770106228.038522,NSE_FO|NIFTY23OCT19500CE,19574.84,8
1770106228.5396569,NSE_FO|NIFTY23OCT19500CE,19573.88,7
1770106229.0552506,NSE_FO|NIFTY23OCT19500CE,19573.25,8
1770106229.5720775,NSE_FO|NIFTY23OCT19500CE,19571.98,7
1770106230.0740464,NSE_FO|NIFTY23OCT19500CE,19574.43,2
1770106230.5908768,NSE_FO|NIFTY23OCT19500CE,19574.07,10
1770106231.1067758,NSE_FO|NIFTY23OCT19500CE,19573.87,7
1770106231.6248167,NSE_FO|NIFTY23OCT19500CE,19576.86,7
1770106232.140575,NSE_FO|NIFTY23OCT19500CE,19578.34,1
1770106232.6562228,NSE_FO|NIFTY23OCT19500CE,19576.53,8
1770106233.164868,NSE_FO|NIFTY23OCT19500CE,19577.45,5
1770106233.6759598,NSE_FO|NIFTY23OCT19500CE,19575.94,1
1770106234.1773612,NSE_FO|NIFTY23OCT19500CE,19575.86,9
1770106234.6878994,NSE_FO|NIFTY23OCT19500CE,19576.98,9
1770106235.1942246,NSE_FO|NIFTY23OCT19500CE,19576.25,9
1770106235.7111573,NSE_FO|NIFTY23OCT19500CE,19576.35,6
1770106236.2120006,NSE_FO|NIFTY23OCT19500CE,19576.83,5
1770106236.727978,NSE_FO|NIFTY23OCT19500CE,19574.85,8
1770106237.2288253,NSE_FO|NIFTY23OCT19500CE,19573.13,3
1770106237.7307167,NSE_FO|NIFTY23OCT19500CE,19572.9,6
1770106238.2459793,NSE_FO|NIFTY23OCT19500CE,19572.09,3
1770106238.7477918,NSE_FO|NIFTY23OCT19500CE,19572.71,7
1770106239.2489433,NSE_FO|NIFTY23OCT19500CE,19571.83,2
1770106239.7639804,NSE_FO|NIFTY23OCT19500CE,19570.3,8
1770106240.2665093,NSE_FO|NIFTY23OCT19500CE,19571.69,2
1770106240.7805026,NSE_FO|NIFTY23OCT19500CE,19571.08,3
1770106241.2819319,NSE_FO|NIFTY23OCT19500CE,19571.38,8
1770106241.7836285,NSE_FO|NIFTY23OCT19500CE,19570.99,3
1770106242.3006985,NSE_FO|NIFTY23OCT19500CE,19569.11,2
1770106242.808807,NSE_FO|NIFTY23OCT19500CE,19569.53,6
1770106243.3250687,NSE_FO|NIFTY23OCT19500CE,19572.41,8
1770106243.8333054,NSE_FO|NIFTY23OCT19500CE,19572.59,5
1770106244.3357625,NSE_FO|NIFTY23OCT19500CE,19571.21,5
1770106244.8487692,NSE_FO|NIFTY23OCT19500CE,19570.81,8
1770106245.3520586,NSE_FO|NIFTY23OCT19500CE,19571.4,10
1770106245.8536038,NSE_FO|NIFTY23OCT19500CE,19572.0,1
1770106246.368949,NSE_FO|NIFTY23OCT19500CE,19571.75,3
1770106246.8707964,NSE_FO|NIFTY23OCT19500CE,19572.84,6
1770106247.3849788,NSE_FO|NIFTY23OCT19500CE,19572.16,3
1770106247.8896005,NSE_FO|NIFTY23OCT19500CE,19573.75,7
1770106248.4029033,NSE_FO|NIFTY23OCT19500CE,19571.94,2
1770106248.9049983,NSE_FO|NIFTY23OCT19500CE,19570.08,7
1770106249.4077742,NSE_FO|NIFTY23OCT19500CE,19570.57,6
1770106249.9239066,NSE_FO|NIFTY23OCT19500CE,19569.45,9
1770106250.429342,NSE_FO|NIFTY23OCT19500CE,19567.66,2
1770106250.941306,NSE_FO|NIFTY23OCT19500CE,19567.6,4
1770106251.4456096,NSE_FO|NIFTY23OCT19500CE,19566.29,5
1770106251.9582114,NSE_FO|NIFTY23OCT19500CE,19564.8,7
1770106252.467808,NSE_FO|NIFTY23OCT19500CE,19565.82,3
1770106252.9747968,NSE_FO|NIFTY23OCT19500CE,19567.41,6
1770106253.4767458,NSE_FO|NIFTY23OCT19500CE,19568.52,3
1770106253.9926178,NSE_FO|NIFTY23OCT19500CE,19569.86,2
1770106254.4931192,NSE_FO|NIFTY23OCT19500CE,19569.84,8
1770106254.9941185,NSE_FO|NIFTY23OCT19500CE,19572.19,1
1770106255.5103815,NSE_FO|NIFTY23OCT19500CE,19574.85,6
1770106256.027299,NSE_FO|NIFTY23OCT19500CE,19577.09,3
1770106256.5287764,NSE_FO|NIFTY23OCT19500CE,19578.04,4
1770106257.0295434,NSE_FO|NIFTY23OCT19500CE,19576.28,5
1770106257.5304625,NSE_FO|NIFTY23OCT19500CE,19575.4,8
1770106258.0458124,NSE_FO|NIFTY23OCT19500CE,19573.91,3
1770106258.546628,NSE_FO|NIFTY23OCT19500CE,19576.26,7
1770106259.047502,NSE_FO|NIFTY23OCT19500CE,19575.96,6
1770106259.548931,NSE_FO|NIFTY23OCT19500CE,19578.07,2
1770106260.0657525,NSE_FO|NIFTY23OCT19500CE,19580.25,6
1770106260.5824857,NSE_FO|NIFTY23OCT19500CE,19580.58,8
1770106261.0844188,NSE_FO|NIFTY23OCT19500CE,19583.03,1
1770106261.597311,NSE_FO|NIFTY23OCT19500CE,19582.65,1
1770106262.1007476,NSE_FO|NIFTY23OCT19500CE,19581.19,10
1770106262.6106982,NSE_FO|NIFTY23OCT19500CE,19583.89,6
1770106263.1167455,NSE_FO|NIFTY23OCT19500CE,19582.15,1
1770106263.6295025,NSE_FO|NIFTY23OCT19500CE,19580.69,4
1770106264.132157,NSE_FO|NIFTY23OCT19500CE,19578.98,8
1770106264.6435795,NSE_FO|NIFTY23OCT19500CE,19581.78,5
1770106265.151468,NSE_FO|NIFTY23OCT19500CE,19580.71,1
1770106265.6639338,NSE_FO|NIFTY23OCT19500CE,19579.33,10
1770106266.1696413,NSE_FO|NIFTY23OCT19500CE,19577.41,7
1770106266.679337,NSE_FO|NIFTY23OCT19500CE,19576.99,5
1770106267.1848557,NSE_FO|NIFTY23OCT19500CE,19575.67,5
1770106267.6866546,NSE_FO|NIFTY23OCT19500CE,19578.42,2
1770106268.2022116,NSE_FO|NIFTY23OCT19500CE,19579.67,10
1770106268.7032237,NSE_FO|NIFTY23OCT19500CE,19577.79,8
1770106269.2176223,NSE_FO|NIFTY23OCT19500CE,19578.82,5
1770106269.7248769,NSE_FO|NIFTY23OCT19500CE,19578.88,4
1770106270.236487,NSE_FO|NIFTY23OCT19500CE,19581.31,10
1770106270.7450545,NSE_FO|NIFTY23OCT19500CE,19580.68,3
1770106271.2524905,NSE_FO|NIFTY23OCT19500CE,19581.6,6
1770106271.7699687,NSE_FO|NIFTY23OCT19500CE,19581.82,2
1770106272.2740712,NSE_FO|NIFTY23OCT19500CE,19582.13,9
1770106272.7764926,NSE_FO|NIFTY23OCT19500CE,19583.49,6
1770106273.2833967,NSE_FO|NIFTY23OCT19500CE,19582.69,2
1770106273.790146,NSE_FO|NIFTY23OCT19500CE,19582.42,5
1770106274.2911143,NSE_FO|NIFTY23OCT19500CE,19583.0,8
1770106274.7947497,NSE_FO|NIFTY23OCT19500CE,19585.71,8
1770106275.3040378,NSE_FO|NIFTY23OCT19500CE,19585.96,1
1770106275.812395,NSE_FO|NIFTY23OCT19500CE,19587.35,8
1770106276.3277085,NSE_FO|NIFTY23OCT19500CE,19587.02,9
1770106276.8292253,NSE_FO|NIFTY23OCT19500CE,19589.77,7
1770106277.344875,NSE_FO|NIFTY23OCT19500CE,19592.12,6
1770106277.8457072,NSE_FO|NIFTY23OCT19500CE,19592.12,3
1770106278.3471632,NSE_FO|NIFTY23OCT19500CE,19590.32,9
1770106278.8601687,NSE_FO|NIFTY23OCT19500CE,19591.17,2
1770106279.370559,NSE_FO|NIFTY23OCT19500CE,19591.07,4
1770106279.882033,NSE_FO|NIFTY23OCT19500CE,19589.56,1
1770106280.3984044,NSE_FO|NIFTY23OCT19500CE,19590.38,8
1770106280.8998995,NSE_FO|NIFTY23OCT19500CE,19588.91,1
1770106281.4162061,NSE_FO|NIFTY23OCT19500CE,19589.9,4
1770106281.9325917,NSE_FO|NIFTY23OCT19500CE,19587.93,3
1770106282.4337583,NSE_FO|NIFTY23OCT19500CE,19589.43,5
1770106282.9484432,NSE_FO|NIFTY23OCT19500CE,19591.71,1
1770106283.4507217,NSE_FO|NIFTY23OCT19500CE,19589.77,5
1770106283.9645147,NSE_FO|NIFTY23OCT19500CE,19588.82,2
1770106284.4685998,NSE_FO|NIFTY23OCT19500CE,19589.97,8
1770106284.9854429,NSE_FO|NIFTY23OCT19500CE,19592.41,10
1770106285.4884384,NSE_FO|NIFTY23OCT19500CE,19591.44,2
1770106286.002483,NSE_FO|NIFTY23OCT19500CE,19591.85,5
1770106286.5044634,NSE_FO|NIFTY23OCT19500CE,19592.59,5
1770106287.02033,NSE_FO|NIFTY23OCT19500CE,19593.01,3
1770106287.5381453,NSE_FO|NIFTY23OCT19500CE,19591.69,6
1770106288.0391407,NSE_FO|NIFTY23OCT19500CE,19592.43,10
1770106288.5547402,NSE_FO|NIFTY23OCT19500CE,19590.49,9
1770106289.0709279,NSE_FO|NIFTY23OCT19500CE,19591.8,4
1770106289.5731227,NSE_FO|NIFTY23OCT19500CE,19592.78,1
1770106290.0802007,NSE_FO|NIFTY23OCT19500CE,19591.29,3
1770106290.5904288,NSE_FO|NIFTY23OCT19500CE,19591.13,9
1770106291.0934505,NSE_FO|NIFTY23OCT19500CE,19590.23,4
1770106291.6063404,NSE_FO|NIFTY23OCT19500CE,19590.91,4
1770106292.1081367,NSE_FO|NIFTY23OCT19500CE,19593.03,4
1770106292.6095796,NSE_FO|NIFTY23OCT19500CE,19593.59,4
1770106293.1249206,NSE_FO|NIFTY23OCT19500CE,19592.58,10
1770106293.6263127,NSE_FO|NIFTY23OCT19500CE,19594.53,7
1770106294.1274033,NSE_FO|NIFTY23OCT19500CE,19594.96,7
1770106294.6431582,NSE_FO|NIFTY23OCT19500CE,19594.76,10
1770106295.144473,NSE_FO|NIFTY23OCT19500CE,19593.38,3
1770106295.6601636,NSE_FO|NIFTY23OCT19500CE,19591.79,3
1770106296.161825,NSE_FO|NIFTY23OCT19500CE,19594.64,2
1770106296.6782925,NSE_FO|NIFTY23OCT19500CE,19594.34,2
1770106297.194771,NSE_FO|NIFTY23OCT19500CE,19597.13,7
1770106297.710236,NSE_FO|NIFTY23OCT19500CE,19596.66,6
1770106298.212027,NSE_FO|NIFTY23OCT19500CE,19594.72,2
1770106298.7134762,NSE_FO|NIFTY23OCT19500CE,19593.88,2
1770106299.214534,NSE_FO|NIFTY23OCT19500CE,19592.24,10
1770106299.7306333,NSE_FO|NIFTY23OCT19500CE,19594.92,3
1770106300.2459893,NSE_FO|NIFTY23OCT19500CE,19593.82,5
1770106300.7492695,NSE_FO|NIFTY23OCT19500CE,19591.93,8
1770106301.2559767,NSE_FO|NIFTY23OCT19500CE,19590.69,4
1770106301.7659261,NSE_FO|NIFTY23OCT19500CE,19589.93,8
1770106302.266955,NSE_FO|NIFTY23OCT19500CE,19589.31,5
1770106302.782492,NSE_FO|NIFTY23OCT19500CE,19592.14,10
1770106303.2833564,NSE_FO|NIFTY23OCT19500CE,19593.45,5
1770106303.7842464,NSE_FO|NIFTY23OCT19500CE,19594.83,6
1770106304.3008306,NSE_FO|NIFTY23OCT19500CE,19596.29,3
1770106304.8018944,NSE_FO|NIFTY23OCT19500CE,19595.59,2
1770106305.3176336,NSE_FO|NIFTY23OCT19500CE,19594.96,2
1770106305.8190923,NSE_FO|NIFTY23OCT19500CE,19593.79,5
1770106306.320178,NSE_FO|NIFTY23OCT19500CE,19596.59,6
1770106306.8352578,NSE_FO|NIFTY23OCT19500CE,19595.22,5
1770106307.3377895,NSE_FO|NIFTY23OCT19500CE,19597.64,8
1770106307.8542306,NSE_FO|NIFTY23OCT19500CE,19595.68,4
1770106308.370755,NSE_FO|NIFTY23OCT19500CE,19595.42,1
1770106308.8748722,NSE_FO|NIFTY23OCT19500CE,19598.25,6
1770106309.3887258,NSE_FO|NIFTY23OCT19500CE,19599.52,6
1770106309.904589,NSE_FO|NIFTY23OCT19500CE,19599.11,7
1770106310.4061968,NSE_FO|NIFTY23OCT19500CE,19601.59,2
1770106310.9078162,NSE_FO|NIFTY23OCT19500CE,19600.54,8
1770106311.422122,NSE_FO|NIFTY23OCT19500CE,19600.91,3
1770106311.9248767,NSE_FO|NIFTY23OCT19500CE,19603.17,10
1770106312.440266,NSE_FO|NIFTY23OCT19500CE,19603.78,6
1770106312.9416542,NSE_FO|NIFTY23OCT19500CE,19604.16,7
1770106313.442966,NSE_FO|NIFTY23OCT19500CE,19605.47,9
1770106313.9584484,NSE_FO|NIFTY23OCT19500CE,19606.67,2
1770106314.463399,NSE_FO|NIFTY23OCT19500CE,19608.16,10
1770106314.9765573,NSE_FO|NIFTY23OCT19500CE,19608.9,10
1770106315.4784186,NSE_FO|NIFTY23OCT19500CE,19607.18,5
1770106315.9938161,NSE_FO|NIFTY23OCT19500CE,19608.91,5
1770106316.4951124,NSE_FO|NIFTY23OCT19500CE,19609.16,10
1770106317.0111113,NSE_FO|NIFTY23OCT19500CE,19608.54,10
1770106317.5121305,NSE_FO|NIFTY23OCT19500CE,19608.94,5
1770106318.0140605,NSE_FO|NIFTY23OCT19500CE,19608.52,7
1770106318.529316,NSE_FO|NIFTY23OCT19500CE,19607.48,4
1770106319.0312912,NSE_FO|NIFTY23OCT19500CE,19607.98,5
1770106319.546298,NSE_FO|NIFTY23OCT19500CE,19607.84,2
1770106320.049408,NSE_FO|NIFTY23OCT19500CE,19609.61,8
1770106320.564517,NSE_FO|NIFTY23OCT19500CE,19612.61,8
1770106321.0809512,NSE_FO|NIFTY23OCT19500CE,19611.8,8
1770106321.5820513,NSE_FO|NIFTY23OCT19500CE,19610.62,1
1770106322.0835009,NSE_FO|NIFTY23OCT19500CE,19611.5,9
1770106322.5993571,NSE_FO|NIFTY23OCT19500CE,19612.72,5
1770106323.1161165,NSE_FO|NIFTY23OCT19500CE,19612.87,6
1770106323.6175132,NSE_FO|NIFTY23OCT19500CE,19613.45,5
1770106324.1331944,NSE_FO|NIFTY23OCT19500CE,19616.06,2
1770106324.6354048,NSE_FO|NIFTY23OCT19500CE,19616.98,3
1770106325.1515772,NSE_FO|NIFTY23OCT19500CE,19618.54,10
1770106325.668383,NSE_FO|NIFTY23OCT19500CE,19620.43,1
1770106326.1843324,NSE_FO|NIFTY23OCT19500CE,19622.24,1
1770106326.6864007,NSE_FO|NIFTY23OCT19500CE,19623.07,6
1770106327.1874552,NSE_FO|NIFTY23OCT19500CE,19622.88,3
1770106327.702331,NSE_FO|NIFTY23OCT19500CE,19621.35,2
1770106328.2039242,NSE_FO|NIFTY23OCT19500CE,19623.58,8
1770106328.7054155,NSE_FO|NIFTY23OCT19500CE,19624.08,7
1770106329.2205057,NSE_FO|NIFTY23OCT19500CE,19625.54,4
1770106329.7234142,NSE_FO|NIFTY23OCT19500CE,19626.16,9
1770106330.2394173,NSE_FO|NIFTY23OCT19500CE,19627.12,10
1770106330.7404149,NSE_FO|NIFTY23OCT19500CE,19628.75,3
1770106331.2560704,NSE_FO|NIFTY23OCT19500CE,19626.81,3
1770106331.7571406,NSE_FO|NIFTY23OCT19500CE,19628.76,4
1770106332.2740445,NSE_FO|NIFTY23OCT19500CE,19628.66,7
1770106332.7755322,NSE_FO|NIFTY23OCT19500CE,19628.34,2
1770106333.2911303,NSE_FO|NIFTY23OCT19500CE,19627.55,9
1770106333.7922485,NSE_FO|NIFTY23OCT19500CE,19628.54,8
1770106334.293657,NSE_FO|NIFTY23OCT19500CE,19628.79,8
1770106334.808289,NSE_FO|NIFTY23OCT19500CE,19630.78,6
1770106335.3107622,NSE_FO|NIFTY23OCT19500CE,19630.41,10
1770106335.8260577,NSE_FO|NIFTY23OCT19500CE,19630.73,3
1770106336.330331,NSE_FO|NIFTY23OCT19500CE,19632.92,10
1770106336.8439734,NSE_FO|NIFTY23OCT19500CE,19631.99,6
1770106337.3602066,NSE_FO|NIFTY23OCT19500CE,19633.19,4
1770106337.8786893,NSE_FO|NIFTY23OCT19500CE,19631.95,9
1770106338.3801498,NSE_FO|NIFTY23OCT19500CE,19634.2,9
1770106338.8867044,NSE_FO|NIFTY23OCT19500CE,19636.97,1
1770106339.3952959,NSE_FO|NIFTY23OCT19500CE,19637.61,9
1770106339.910222,NSE_FO|NIFTY23OCT19500CE,19640.03,7
1770106340.4142137,NSE_FO|NIFTY23OCT19500CE,19639.52,1
1770106340.9158235,NSE_FO|NIFTY23OCT19500CE,19639.32,4
1770106341.430371,NSE_FO|NIFTY23OCT19500CE,19637.4,1
1770106341.9311888,NSE_FO|NIFTY23OCT19500CE,19638.27,10
1770106342.4467347,NSE_FO|NIFTY23OCT19500CE,19639.09,5
1770106342.9497175,NSE_FO|NIFTY23OCT19500CE,19642.0,3
1770106343.4511194,NSE_FO|NIFTY23OCT19500CE,19640.27,1
1770106343.9668207,NSE_FO|NIFTY23OCT19500CE,19640.53,6
1770106344.4705389,NSE_FO|NIFTY23OCT19500CE,19639.09,8
1770106344.9838421,NSE_FO|NIFTY23OCT19500CE,19641.3,9
1770106345.4873433,NSE_FO|NIFTY23OCT19500CE,19641.12,4
1770106346.0021303,NSE_FO|NIFTY23OCT19500CE,19641.29,9
1770106346.5034547,NSE_FO|NIFTY23OCT19500CE,19644.08,2
1770106347.0197625,NSE_FO|NIFTY23OCT19500CE,19643.34,9
1770106347.5209444,NSE_FO|NIFTY23OCT19500CE,19643.34,9
1770106348.038073,NSE_FO|NIFTY23OCT19500CE,19643.45,7
1770106348.55439,NSE_FO|NIFTY23OCT19500CE,19646.13,4
1770106349.0557702,NSE_FO|NIFTY23OCT19500CE,19646.76,8
1770106349.5716252,NSE_FO|NIFTY23OCT19500CE,19647.95,5
1770106350.0744364,NSE_FO|NIFTY23OCT19500CE,19646.52,2
1770106350.58898,NSE_FO|NIFTY23OCT19500CE,19646.23,9
1770106351.0906215,NSE_FO|NIFTY23OCT19500CE,19644.44,5
1770106351.6067414,NSE_FO|NIFTY23OCT19500CE,19647.14,2
1770106352.1080823,NSE_FO|NIFTY23OCT19500CE,19645.68,3
1770106352.6226203,NSE_FO|NIFTY23OCT19500CE,19645.23,4
1770106353.1257,NSE_FO|NIFTY23OCT19500CE,19645.15,10
1770106353.6291015,NSE_FO|NIFTY23OCT19500CE,19647.84,6
1770106354.1424813,NSE_FO|NIFTY23OCT19500CE,19647.54,8
1770106354.650117,NSE_FO|NIFTY23OCT19500CE,19646.36,2
1770106355.1600914,NSE_FO|NIFTY23OCT19500CE,19649.27,5
1770106355.6775658,NSE_FO|NIFTY23OCT19500CE,19650.09,10
1770106356.194202,NSE_FO|NIFTY23OCT19500CE,19651.71,1
1770106356.6967483,NSE_FO|NIFTY23OCT19500CE,19649.84,5
1770106357.2009811,NSE_FO|NIFTY23OCT19500CE,19650.58,10
1770106357.7118924,NSE_FO|NIFTY23OCT19500CE,19649.02,10
1770106358.2132611,NSE_FO|NIFTY23OCT19500CE,19650.27,7
1770106358.7289689,NSE_FO|NIFTY23OCT19500CE,19651.38,9
1770106359.2298725,NSE_FO|NIFTY23OCT19500CE,19651.27,1
1770106359.7463589,NSE_FO|NIFTY23OCT19500CE,19652.86,2
1770106360.2475457,NSE_FO|NIFTY23OCT19500CE,19653.14,6
1770106360.7492013,NSE_FO|NIFTY23OCT19500CE,19655.35,3
1770106361.2660322,NSE_FO|NIFTY23OCT19500CE,19656.92,10
1770106361.7805133,NSE_FO|NIFTY23OCT19500CE,19658.5,10
1770106362.2847307,NSE_FO|NIFTY23OCT19500CE,19659.54,4
1770106362.8001688,NSE_FO|NIFTY23OCT19500CE,19661.82,4
1770106363.3151004,NSE_FO|NIFTY23OCT19500CE,19664.8,4
1770106363.8179114,NSE_FO|NIFTY23OCT19500CE,19664.53,6
1770106364.3321116,NSE_FO|NIFTY23OCT19500CE,19665.24,7
1770106364.8343308,NSE_FO|NIFTY23OCT19500CE,19663.67,2
1770106365.335122,NSE_FO|NIFTY23OCT19500CE,19662.89,10
1770106365.8472843,NSE_FO|NIFTY23OCT19500CE,19662.61,7
1770106366.3524795,NSE_FO|NIFTY23OCT19500CE,19664.81,6
1770106366.8541615,NSE_FO|NIFTY23OCT19500CE,19662.83,9
1770106367.3560243,NSE_FO|NIFTY23OCT19500CE,19663.25,10
1770106367.8701901,NSE_FO|NIFTY23OCT19500CE,19663.14,10
1770106368.3854644,NSE_FO|NIFTY23OCT19500CE,19665.82,5
1770106368.887506,NSE_FO|NIFTY23OCT19500CE,19665.42,7
1770106369.3888924,NSE_FO|NIFTY23OCT19500CE,19664.32,2
1770106369.9034998,NSE_FO|NIFTY23OCT19500CE,19664.48,3
1770106370.4063551,NSE_FO|NIFTY23OCT19500CE,19666.79,2
1770106370.9218183,NSE_FO|NIFTY23OCT19500CE,19669.16,7
1770106371.440255,NSE_FO|NIFTY23OCT19500CE,19671.23,6
1770106371.956127,NSE_FO|NIFTY23OCT19500CE,19671.86,3
1770106372.4599657,NSE_FO|NIFTY23OCT19500CE,19671.85,5
1770106372.9735105,NSE_FO|NIFTY23OCT19500CE,19671.28,7
1770106373.4878247,NSE_FO|NIFTY23OCT19500CE,19669.89,5
1770106373.9927232,NSE_FO|NIFTY23OCT19500CE,19672.28,6
1770106374.493597,NSE_FO|NIFTY23OCT19500CE,19671.67,1
1770106374.9943237,NSE_FO|NIFTY23OCT19500CE,19669.82,6
1770106375.5100143,NSE_FO|NIFTY23OCT19500CE,19672.66,7
1770106376.0266504,NSE_FO|NIFTY23OCT19500CE,19671.61,9
1770106376.5275297,NSE_FO|NIFTY23OCT19500CE,19671.03,4
1770106377.0288475,NSE_FO|NIFTY23OCT19500CE,19669.87,7
1770106377.5340035,NSE_FO|NIFTY23OCT19500CE,19671.3,6
1770106378.0449116,NSE_FO|NIFTY23OCT19500CE,19672.99,5
1770106378.560452,NSE_FO|NIFTY23OCT19500CE,19675.07,7
1770106379.063306,NSE_FO|NIFTY23OCT19500CE,19675.66,5
1770106379.564701,NSE_FO|NIFTY23OCT19500CE,19676.28,6
1770106380.080537,NSE_FO|NIFTY23OCT19500CE,19678.73,10
1770106380.5961077,NSE_FO|NIFTY23OCT19500CE,19677.6,5
1770106381.098501,NSE_FO|NIFTY23OCT19500CE,19678.59,6
1770106381.5992725,NSE_FO|NIFTY23OCT19500CE,19679.11,2
1770106382.1151927,NSE_FO|NIFTY23OCT19500CE,19681.61,3
1770106382.6159012,NSE_FO|NIFTY23OCT19500CE,19681.43,6
1770106383.1173902,NSE_FO|NIFTY23OCT19500CE,19682.62,6
1770106383.6189706,NSE_FO|NIFTY23OCT19500CE,19684.77,1
1770106384.1337497,NSE_FO|NIFTY23OCT19500CE,19684.88,8
1770106384.6359594,NSE_FO|NIFTY23OCT19500CE,19685.66,9
1770106385.150471,NSE_FO|NIFTY23OCT19500CE,19688.02,1
1770106385.6513162,NSE_FO|NIFTY23OCT19500CE,19686.56,6
1770106386.152856,NSE_FO|NIFTY23OCT19500CE,19687.75,9
1770106386.65533,NSE_FO|NIFTY23OCT19500CE,19689.06,9
1770106387.1671565,NSE_FO|NIFTY23OCT19500CE,19690.29,3
1770106387.67037,NSE_FO|NIFTY23OCT19500CE,19693.08,8
1770106388.1739426,NSE_FO|NIFTY23OCT19500CE,19691.09,2
1770106388.6882162,NSE_FO|NIFTY23OCT19500CE,19693.27,1
1770106389.2044652,NSE_FO|NIFTY23OCT19500CE,19692.59,4
1770106389.7205398,NSE_FO|NIFTY23OCT19500CE,19693.96,5
1770106390.2361586,NSE_FO|NIFTY23OCT19500CE,19696.9,10
1770106390.7391703,NSE_FO|NIFTY23OCT19500CE,19694.96,3
1770106391.2402103,NSE_FO|NIFTY23OCT19500CE,19697.02,6
1770106391.7411497,NSE_FO|NIFTY23OCT19500CE,19699.36,5
1770106392.254585,NSE_FO|NIFTY23OCT19500CE,19701.51,9
1770106392.7559164,NSE_FO|NIFTY23OCT19500CE,19702.72,6
1770106393.2575974,NSE_FO|NIFTY23OCT19500CE,19704.12,7
1770106393.7746935,NSE_FO|NIFTY23OCT19500CE,19704.91,2
1770106394.2766905,NSE_FO|NIFTY23OCT19500CE,19702.96,8
1770106394.790758,NSE_FO|NIFTY23OCT19500CE,19703.56,7
1770106395.2937095,NSE_FO|NIFTY23OCT19500CE,19704.15,4
1770106395.810465,NSE_FO|NIFTY23OCT19500CE,19704.19,1
1770106396.3119037,NSE_FO|NIFTY23OCT19500CE,19706.76,2
1770106396.8276403,NSE_FO|NIFTY23OCT19500CE,19706.34,8
1770106397.3300982,NSE_FO|NIFTY23OCT19500CE,19707.39,4
1770106397.845234,NSE_FO|NIFTY23OCT19500CE,19705.99,6
1770106398.3482094,NSE_FO|NIFTY23OCT19500CE,19708.86,1
1770106398.8584704,NSE_FO|NIFTY23OCT19500CE,19710.48,6
1770106399.362992,NSE_FO|NIFTY23OCT19500CE,19711.98,4
1770106399.8782706,NSE_FO|NIFTY23OCT19500CE,19713.31,2
1770106400.380234,NSE_FO|NIFTY23OCT19500CE,19712.4,2
1770106400.8828456,NSE_FO|NIFTY23OCT19500CE,19711.12,3
1770106401.3948104,NSE_FO|NIFTY23OCT19500CE,19711.02,6
1770106401.8982353,NSE_FO|NIFTY23OCT19500CE,19712.43,4
1770106402.3996794,NSE_FO|NIFTY23OCT19500CE,19714.57,7
1770106402.9161406,NSE_FO|NIFTY23OCT19500CE,19716.11,5
1770106403.4305902,NSE_FO|NIFTY23OCT19500CE,19716.55,10
1770106403.9312103,NSE_FO|NIFTY23OCT19500CE,19716.27,6
1770106404.4339008,NSE_FO|NIFTY23OCT19500CE,19714.42,4
1770106404.951529,NSE_FO|NIFTY23OCT19500CE,19715.44,7
1770106405.4659123,NSE_FO|NIFTY23OCT19500CE,19716.68,8
1770106405.9684808,NSE_FO|NIFTY23OCT19500CE,19717.09,2
1770106406.469149,NSE_FO|NIFTY23OCT19500CE,19716.56,7
1770106406.985097,NSE_FO|NIFTY23OCT19500CE,19717.7,10
1770106407.4856505,NSE_FO|NIFTY23OCT19500CE,19715.73,8
1770106407.9870877,NSE_FO|NIFTY23OCT19500CE,19717.97,6
1770106408.5003994,NSE_FO|NIFTY23OCT19500CE,19717.41,2
1770106409.0038545,NSE_FO|NIFTY23OCT19500CE,19716.43,4
1770106409.504896,NSE_FO|NIFTY23OCT19500CE,19717.38,8
1770106410.006491,NSE_FO|NIFTY23OCT19500CE,19719.44,9
1770106410.5218942,NSE_FO|NIFTY23OCT19500CE,19719.33,1
1770106411.0231166,NSE_FO|NIFTY23OCT19500CE,19720.72,6
1770106411.5411708,NSE_FO|NIFTY23OCT19500CE,19719.26,7
1770106412.056205,NSE_FO|NIFTY23OCT19500CE,19720.31,3
1770106412.5594532,NSE_FO|NIFTY23OCT19500CE,19718.59,10
1770106413.0747948,NSE_FO|NIFTY23OCT19500CE,19718.49,2
1770106413.5910728,NSE_FO|NIFTY23OCT19500CE,19718.48,2
1770106414.092278,NSE_FO|NIFTY23OCT19500CE,19721.34,2
1770106414.5940228,NSE_FO|NIFTY23OCT19500CE,19720.87,2
1770106415.1083117,NSE_FO|NIFTY23OCT19500CE,19721.09,1
1770106415.6105256,NSE_FO|NIFTY23OCT19500CE,19720.04,10
1770106416.1264205,NSE_FO|NIFTY23OCT19500CE,19722.55,2
1770106416.6414075,NSE_FO|NIFTY23OCT19500CE,19725.24,5
1770106417.1430612,NSE_FO|NIFTY23OCT19500CE,19724.72,6
1770106417.6448185,NSE_FO|NIFTY23OCT19500CE,19725.07,5
1770106418.145549,NSE_FO|NIFTY23OCT19500CE,19726.85,3
1770106418.6621811,NSE_FO|NIFTY23OCT19500CE,19729.05,4
1770106419.1633308,NSE_FO|NIFTY23OCT19500CE,19728.33,2
1770106419.6647437,NSE_FO|NIFTY23OCT19500CE,19726.46,8
1770106420.1801925,NSE_FO|NIFTY23OCT19500CE,19728.09,8
1770106420.6811595,NSE_FO|NIFTY23OCT19500CE,19726.67,4
1770106421.1820576,NSE_FO|NIFTY23OCT19500CE,19729.63,7
1770106421.698863,NSE_FO|NIFTY23OCT19500CE,19731.06,4
1770106422.2150161,NSE_FO|NIFTY23OCT19500CE,19729.57,1
1770106422.7166674,NSE_FO|NIFTY23OCT19500CE,19731.35,7
1770106423.232227,NSE_FO|NIFTY23OCT19500CE,19729.37,4
1770106423.7488358,NSE_FO|NIFTY23OCT19500CE,19731.06,8
1770106424.2663434,NSE_FO|NIFTY23OCT19500CE,19733.14,7
1770106424.7682958,NSE_FO|NIFTY23OCT19500CE,19735.6,8
1770106425.2850602,NSE_FO|NIFTY23OCT19500CE,19734.73,8
1770106425.8014514,NSE_FO|NIFTY23OCT19500CE,19733.78,5
1770106426.3170648,NSE_FO|NIFTY23OCT19500CE,19735.9,2
1770106426.819359,NSE_FO|NIFTY23OCT19500CE,19734.17,8
1770106427.3200793,NSE_FO|NIFTY23OCT19500CE,19733.47,9
1770106427.8357265,NSE_FO|NIFTY23OCT19500CE,19736.1,7
1770106428.3375342,NSE_FO|NIFTY23OCT19500CE,19736.93,5
1770106428.8484054,NSE_FO|NIFTY23OCT19500CE,19737.51,2
1770106429.3541708,NSE_FO|NIFTY23OCT19500CE,19735.64,9
1770106429.8547578,NSE_FO|NIFTY23OCT19500CE,19734.58,9
1770106430.3694973,NSE_FO|NIFTY23OCT19500CE,19736.37,1
1770106430.8716853,NSE_FO|NIFTY23OCT19500CE,19739.05,9
1770106431.373775,NSE_FO|NIFTY23OCT19500CE,19737.51,3
1770106431.8859105,NSE_FO|NIFTY23OCT19500CE,19740.39,5
1770106432.3901477,NSE_FO|NIFTY23OCT19500CE,19739.69,9
1770106432.9052725,NSE_FO|NIFTY23OCT19500CE,19738.28,1
1770106433.4090827,NSE_FO|NIFTY23OCT19500CE,19739.83,8
1770106433.9128668,NSE_FO|NIFTY23OCT19500CE,19740.2,8
1770106434.4274766,NSE_FO|NIFTY23OCT19500CE,19740.51,5
1770106434.9440773,NSE_FO|NIFTY23OCT19500CE,19742.94,10
1770106435.4572299,NSE_FO|NIFTY23OCT19500CE,19743.04,10
1770106435.9602103,NSE_FO|NIFTY23OCT19500CE,19742.72,7
1770106436.46261,NSE_FO|NIFTY23OCT19500CE,19744.73,8
1770106436.9641027,NSE_FO|NIFTY23OCT19500CE,19743.6,4
1770106437.4775336,NSE_FO|NIFTY23OCT19500CE,19746.24,6
1770106437.9791708,NSE_FO|NIFTY23OCT19500CE,19746.01,1
1770106438.480362,NSE_FO|NIFTY23OCT19500CE,19744.82,10
1770106438.995162,NSE_FO|NIFTY23OCT19500CE,19744.31,5
1770106439.4959726,NSE_FO|NIFTY23OCT19500CE,19747.29,5
1770106439.9968514,NSE_FO|NIFTY23OCT19500CE,19749.36,3
1770106440.4979868,NSE_FO|NIFTY23OCT19500CE,19752.09,10
1770106441.0013955,NSE_FO|NIFTY23OCT19500CE,19750.79,9
1770106441.504809,NSE_FO|NIFTY23OCT19500CE,19750.36,7
1770106442.0153143,NSE_FO|NIFTY23OCT19500CE,19748.79,6
1770106442.5163968,NSE_FO|NIFTY23OCT19500CE,19751.11,9
1770106443.0196545,NSE_FO|NIFTY23OCT19500CE,19752.44,1
1770106443.5337982,NSE_FO|NIFTY23OCT19500CE,19752.92,1
1770106444.0349314,NSE_FO|NIFTY23OCT19500CE,19751.19,9
1770106444.5509727,NSE_FO|NIFTY23OCT19500CE,19750.34,1
1770106445.0670383,NSE_FO|NIFTY23OCT19500CE,19750.55,9
1770106445.568446,NSE_FO|NIFTY23OCT19500CE,19751.83,1
1770106446.0849838,NSE_FO|NIFTY23OCT19500CE,19750.49,7
1770106446.5871549,NSE_FO|NIFTY23OCT19500CE,19753.0,9
1770106447.0878036,NSE_FO|NIFTY23OCT19500CE,19755.46,10
1770106447.6023571,NSE_FO|NIFTY23OCT19500CE,19753.7,7
1770106448.1037784,NSE_FO|NIFTY23OCT19500CE,19752.92,3
1770106448.6053765,NSE_FO|NIFTY23OCT19500CE,19754.48,8
1770106449.105918,NSE_FO|NIFTY23OCT19500CE,19756.39,3
1770106449.6194162,NSE_FO|NIFTY23OCT19500CE,19756.32,3
1770106450.121549,NSE_FO|NIFTY23OCT19500CE,19756.59,7
1770106450.6375434,NSE_FO|NIFTY23OCT19500CE,19759.25,2
1770106451.140115,NSE_FO|NIFTY23OCT19500CE,19760.63,7
1770106451.6423767,NSE_FO|NIFTY23OCT19500CE,19758.73,9
1770106452.158049,NSE_FO|NIFTY23OCT19500CE,19761.25,9
1770106452.673848,NSE_FO|NIFTY23OCT19500CE,19762.05,2
1770106453.1748233,NSE_FO|NIFTY23OCT19500CE,19763.83,10
1770106453.6907434,NSE_FO|NIFTY23OCT19500CE,19764.7,10
1770106454.1931112,NSE_FO|NIFTY23OCT19500CE,19763.06,1
1770106454.7084532,NSE_FO|NIFTY23OCT19500CE,19763.52,10
1770106455.2100024,NSE_FO|NIFTY23OCT19500CE,19766.0,7
1770106455.7196426,NSE_FO|NIFTY23OCT19500CE,19765.31,4
1770106456.2246976,NSE_FO|NIFTY23OCT19500CE,19767.42,8
1770106456.7269995,NSE_FO|NIFTY23OCT19500CE,19768.48,7
1770106457.2405334,NSE_FO|NIFTY23OCT19500CE,19769.36,7
1770106457.7439299,NSE_FO|NIFTY23OCT19500CE,19771.82,2
1770106458.2450402,NSE_FO|NIFTY23OCT19500CE,19773.27,4
1770106458.7601037,NSE_FO|NIFTY23OCT19500CE,19772.08,1
1770106459.2626777,NSE_FO|NIFTY23OCT19500CE,19774.1,3
1770106459.7636068,NSE_FO|NIFTY23OCT19500CE,19774.82,3
1770106460.279296,NSE_FO|NIFTY23OCT19500CE,19774.23,9
1770106460.7808986,NSE_FO|NIFTY23OCT19500CE,19775.99,5
1770106461.2820685,NSE_FO|NIFTY23OCT19500CE,19774.26,9
1770106461.7988598,NSE_FO|NIFTY23OCT19500CE,19774.85,5
1770106462.3148854,NSE_FO|NIFTY23OCT19500CE,19777.56,7
1770106462.8207474,NSE_FO|NIFTY23OCT19500CE,19778.97,6
1770106463.3293436,NSE_FO|NIFTY23OCT19500CE,19780.8,7
1770106463.8336468,NSE_FO|NIFTY23OCT19500CE,19782.45,2
1770106464.3507876,NSE_FO|NIFTY23OCT19500CE,19783.4,9
1770106464.8650837,NSE_FO|NIFTY23OCT19500CE,19784.54,3
1770106465.3687546,NSE_FO|NIFTY23OCT19500CE,19786.73,1
1770106465.8840182,NSE_FO|NIFTY23OCT19500CE,19788.12,10
1770106466.3853226,NSE_FO|NIFTY23OCT19500CE,19786.28,4
1770106466.887966,NSE_FO|NIFTY23OCT19500CE,19786.44,6
1770106467.4032578,NSE_FO|NIFTY23OCT19500CE,19785.56,2
1770106467.9048278,NSE_FO|NIFTY23OCT19500CE,19787.5,7
1770106468.4203093,NSE_FO|NIFTY23OCT19500CE,19790.2,5
1770106468.9369981,NSE_FO|NIFTY23OCT19500CE,19789.81,9
1770106469.4383001,NSE_FO|NIFTY23OCT19500CE,19791.91,6
1770106469.9558172,NSE_FO|NIFTY23OCT19500CE,19791.16,7
1770106470.4714699,NSE_FO|NIFTY23OCT19500CE,19790.22,4
1770106470.9730175,NSE_FO|NIFTY23OCT19500CE,19790.43,7
1770106471.489038,NSE_FO|NIFTY23OCT19500CE,19791.96,5
1770106471.9902494,NSE_FO|NIFTY23OCT19500CE,19792.78,10
1770106472.5064378,NSE_FO|NIFTY23OCT19500CE,19791.57,2
1770106473.0085227,NSE_FO|NIFTY23OCT19500CE,19792.5,10
1770106473.5238059,NSE_FO|NIFTY23OCT19500CE,19791.47,2
1770106474.0247707,NSE_FO|NIFTY23OCT19500CE,19789.8,8
1770106474.540405,NSE_FO|NIFTY23OCT19500CE,19790.37,10
1770106475.042426,NSE_FO|NIFTY23OCT19500CE,19792.02,5
1770106475.55998,NSE_FO|NIFTY23OCT19500CE,19790.99,2
1770106476.074738,NSE_FO|NIFTY23OCT19500CE,19789.89,10
1770106476.5773787,NSE_FO|NIFTY23OCT19500CE,19790.88,9
1770106477.0939572,NSE_FO|NIFTY23OCT19500CE,19791.8,3
1770106477.6105454,NSE_FO|NIFTY23OCT19500CE,19794.35,6
1770106478.1227438,NSE_FO|NIFTY23OCT19500CE,19797.24,9
1770106478.6277966,NSE_FO|NIFTY23OCT19500CE,19797.06,10
1770106479.1403463,NSE_FO|NIFTY23OCT19500CE,19796.09,4
1770106479.6483192,NSE_FO|NIFTY23OCT19500CE,19797.0,1
1770106480.1526952,NSE_FO|NIFTY23OCT19500CE,19795.9,10
1770106480.6642184,NSE_FO|NIFTY23OCT19500CE,19795.47,1
1770106481.1807814,NSE_FO|NIFTY23OCT19500CE,19796.41,10
1770106481.6819167,NSE_FO|NIFTY23OCT19500CE,19794.99,10
1770106482.1922834,NSE_FO|NIFTY23OCT19500CE,19793.74,4
1770106482.699198,NSE_FO|NIFTY23OCT19500CE,19793.88,7
1770106483.2143893,NSE_FO|NIFTY23OCT19500CE,19792.97,9
1770106483.7202125,NSE_FO|NIFTY23OCT19500CE,19791.2,7
1770106484.2311115,NSE_FO|NIFTY23OCT19500CE,19791.44,4
1770106484.7357585,NSE_FO|NIFTY23OCT19500CE,19789.55,7
1770106485.2373402,NSE_FO|NIFTY23OCT19500CE,19789.35,7
1770106485.7534423,NSE_FO|NIFTY23OCT19500CE,19791.67,10
1770106486.254858,NSE_FO|NIFTY23OCT19500CE,19790.95,6
1770106486.7712023,NSE_FO|NIFTY23OCT19500CE,19791.56,7
1770106487.2847016,NSE_FO|NIFTY23OCT19500CE,19792.09,9
1770106487.7859647,NSE_FO|NIFTY23OCT19500CE,19792.63,10
1770106488.302224,NSE_FO|NIFTY23OCT19500CE,19795.45,6
1770106488.803448,NSE_FO|NIFTY23OCT19500CE,19795.1,8
1770106489.3185916,NSE_FO|NIFTY23OCT19500CE,19793.84,4
1770106489.8208807,NSE_FO|NIFTY23OCT19500CE,19794.15,5
1770106490.3363564,NSE_FO|NIFTY23OCT19500CE,19794.41,6
1770106490.8391905,NSE_FO|NIFTY23OCT19500CE,19796.29,1
1770106491.3471181,NSE_FO|NIFTY23OCT19500CE,19796.06,4
1770106491.8492918,NSE_FO|NIFTY23OCT19500CE,19796.29,8
1770106492.3577316,NSE_FO|NIFTY23OCT19500CE,19794.72,9
1770106492.8603363,NSE_FO|NIFTY23OCT19500CE,19794.8,4
1770106493.3717928,NSE_FO|NIFTY23OCT19500CE,19793.65,10
1770106493.876324,NSE_FO|NIFTY23OCT19500CE,19793.63,1
1770106494.3894181,NSE_FO|NIFTY23OCT19500CE,19796.45,10
1770106494.894068,NSE_FO|NIFTY23OCT19500CE,19797.08,7
1770106495.401726,NSE_FO|NIFTY23OCT19500CE,19796.13,10
1770106495.9077184,NSE_FO|NIFTY23OCT19500CE,19797.4,4
1770106496.409553,NSE_FO|NIFTY23OCT19500CE,19798.79,9
1770106496.920528,NSE_FO|NIFTY23OCT19500CE,19799.1,2
1770106497.4272883,NSE_FO|NIFTY23OCT19500CE,19799.96,10
1770106497.929478,NSE_FO|NIFTY23OCT19500CE,19798.15,6
1770106498.4456434,NSE_FO|NIFTY23OCT19500CE,19797.68,6
1770106498.9620247,NSE_FO|NIFTY23OCT19500CE,19796.59,1
1770106499.4654183,NSE_FO|NIFTY23OCT19500CE,19795.15,4
1770106499.979492,NSE_FO|NIFTY23OCT19500CE,19795.23,8
1770106500.4808152,NSE_FO|NIFTY23OCT19500CE,19795.15,6
1770106500.9959946,NSE_FO|NIFTY23OCT19500CE,19795.48,7
1770106501.4971545,NSE_FO|NIFTY23OCT19500CE,19795.85,9
1770106502.014037,NSE_FO|NIFTY23OCT19500CE,19797.08,6
1770106502.515627,NSE_FO|NIFTY23OCT19500CE,19797.45,4
1770106503.030958,NSE_FO|NIFTY23OCT19500CE,19796.74,5
1770106503.5368838,NSE_FO|NIFTY23OCT19500CE,19798.5,3
1770106504.0441742,NSE_FO|NIFTY23OCT19500CE,19796.91,4
1770106504.5465882,NSE_FO|NIFTY23OCT19500CE,19797.17,7
1770106505.0515578,NSE_FO|NIFTY23OCT19500CE,19799.87,6
1770106505.5598545,NSE_FO|NIFTY23OCT19500CE,19802.21,2
1770106506.0660493,NSE_FO|NIFTY23OCT19500CE,19803.06,9
1770106506.5674222,NSE_FO|NIFTY23OCT19500CE,19801.28,6
1770106507.0693636,NSE_FO|NIFTY23OCT19500CE,19802.96,1
1770106507.5703418,NSE_FO|NIFTY23OCT19500CE,19805.6,9
1770106508.0728984,NSE_FO|NIFTY23OCT19500CE,19805.82,7
1770106508.585795,NSE_FO|NIFTY23OCT19500CE,19804.33,7
1770106509.0895832,NSE_FO|NIFTY23OCT19500CE,19804.14,2
1770106509.604285,NSE_FO|NIFTY23OCT19500CE,19802.51,2
1770106510.106781,NSE_FO|NIFTY23OCT19500CE,19800.9,2
1770106510.6082885,NSE_FO|NIFTY23OCT19500CE,19799.15,2
1770106511.1216388,NSE_FO|NIFTY23OCT19500CE,19797.86,8
1770106511.62215,NSE_FO|NIFTY23OCT19500CE,19798.09,1
1770106512.1241071,NSE_FO|NIFTY23OCT19500CE,19798.79,2
1770106512.6395767,NSE_FO|NIFTY23OCT19500CE,19797.88,10
1770106513.1404498,NSE_FO|NIFTY23OCT19500CE,19798.32,10
1770106513.6451766,NSE_FO|NIFTY23OCT19500CE,19796.48,9
1770106514.1487448,NSE_FO|NIFTY23OCT19500CE,19797.74,6
1770106514.654241,NSE_FO|NIFTY23OCT19500CE,19798.35,2
1770106515.158505,NSE_FO|NIFTY23OCT19500CE,19796.37,9
1770106515.6747272,NSE_FO|NIFTY23OCT19500CE,19795.78,6
1770106516.1878157,NSE_FO|NIFTY23OCT19500CE,19797.24,10
1770106516.6940513,NSE_FO|NIFTY23OCT19500CE,19798.1,5
1770106517.2079465,NSE_FO|NIFTY23OCT19500CE,19799.74,3
1770106517.7101917,NSE_FO|NIFTY23OCT19500CE,19798.15,4
1770106518.2249377,NSE_FO|NIFTY23OCT19500CE,19798.58,3
1770106518.730399,NSE_FO|NIFTY23OCT19500CE,19798.36,3
1770106519.24604,NSE_FO|NIFTY23OCT19500CE,19798.09,10
1770106519.7604246,NSE_FO|NIFTY23OCT19500CE,19800.12,3
1770106520.2675998,NSE_FO|NIFTY23OCT19500CE,19801.04,2
1770106520.780982,NSE_FO|NIFTY23OCT19500CE,19801.18,7
1770106521.296511,NSE_FO|NIFTY23OCT19500CE,19800.22,4
1770106521.7987034,NSE_FO|NIFTY23OCT19500CE,19802.45,1
1770106522.2997506,NSE_FO|NIFTY23OCT19500CE,19804.7,2
1770106522.8162208,NSE_FO|NIFTY23OCT19500CE,19803.9,3
1770106523.3304508,NSE_FO|NIFTY23OCT19500CE,19802.82,8
1770106523.8324454,NSE_FO|NIFTY23OCT19500CE,19804.3,5
1770106524.3362691,NSE_FO|NIFTY23OCT19500CE,19807.27,7
1770106524.850179,NSE_FO|NIFTY23OCT19500CE,19805.59,9
1770106525.3621304,NSE_FO|NIFTY23OCT19500CE,19807.49,7
1770106525.8671339,NSE_FO|NIFTY23OCT19500CE,19807.17,8
1770106526.3831437,NSE_FO|NIFTY23OCT19500CE,19809.7,7
1770106526.8853652,NSE_FO|NIFTY23OCT19500CE,19810.13,4
1770106527.3975303,NSE_FO|NIFTY23OCT19500CE,19808.17,4
1770106527.9001622,NSE_FO|NIFTY23OCT19500CE,19809.22,8
1770106528.40357,NSE_FO|NIFTY23OCT19500CE,19807.35,6
1770106528.9205382,NSE_FO|NIFTY23OCT19500CE,19807.53,2
1770106529.436329,NSE_FO|NIFTY23OCT19500CE,19807.84,8
1770106529.939255,NSE_FO|NIFTY23OCT19500CE,19807.07,9
1770106530.4555178,NSE_FO|NIFTY23OCT19500CE,19807.0,6
1770106530.9718232,NSE_FO|NIFTY23OCT19500CE,19807.75,9
1770106531.4748704,NSE_FO|NIFTY23OCT19500CE,19806.67,6
1770106531.9890254,NSE_FO|NIFTY23OCT19500CE,19809.5,3
1770106532.491984,NSE_FO|NIFTY23OCT19500CE,19807.68,3
1770106533.007853,NSE_FO|NIFTY23OCT19500CE,19809.72,10
1770106533.5210931,NSE_FO|NIFTY23OCT19500CE,19808.13,1
1770106534.0236094,NSE_FO|NIFTY23OCT19500CE,19808.54,4
1770106534.525184,NSE_FO|NIFTY23OCT19500CE,19807.9,5
1770106535.041735,NSE_FO|NIFTY23OCT19500CE,19806.79,1
1770106535.5430264,NSE_FO|NIFTY23OCT19500CE,19805.68,10
1770106536.0598888,NSE_FO|NIFTY23OCT19500CE,19804.67,10
1770106536.5615816,NSE_FO|NIFTY23OCT19500CE,19802.94,4
1770106537.076452,NSE_FO|NIFTY23OCT19500CE,19803.0,9
1770106537.5777802,NSE_FO|NIFTY23OCT19500CE,19802.1,3
1770106538.0786555,NSE_FO|NIFTY23OCT19500CE,19801.83,8
1770106538.5939507,NSE_FO|NIFTY23OCT19500CE,19801.29,5
1770106539.0952976,NSE_FO|NIFTY23OCT19500CE,19803.43,6
1770106539.6104043,NSE_FO|NIFTY23OCT19500CE,19806.24,5
1770106540.1135528,NSE_FO|NIFTY23OCT19500CE,19806.7,7
1770106540.6306708,NSE_FO|NIFTY23OCT19500CE,19805.84,10
1770106541.1442463,NSE_FO|NIFTY23OCT19500CE,19806.32,9
1770106541.6478336,NSE_FO|NIFTY23OCT19500CE,19805.72,9
1770106542.1633694,NSE_FO|NIFTY23OCT19500CE,19805.75,2
1770106542.664719,NSE_FO|NIFTY23OCT19500CE,19808.37,7
1770106543.1659043,NSE_FO|NIFTY23OCT19500CE,19809.94,9
1770106543.6826856,NSE_FO|NIFTY23OCT19500CE,19810.82,4
1770106544.184529,NSE_FO|NIFTY23OCT19500CE,19813.04,10
1770106544.6993523,NSE_FO|NIFTY23OCT19500CE,19814.75,5
1770106545.2002165,NSE_FO|NIFTY23OCT19500CE,19816.06,1
1770106545.7019367,NSE_FO|NIFTY23OCT19500CE,19815.26,2
1770106546.204867,NSE_FO|NIFTY23OCT19500CE,19817.86,6
1770106546.7170157,NSE_FO|NIFTY23OCT19500CE,19819.31,8
1770106547.2191622,NSE_FO|NIFTY23OCT19500CE,19821.45,7
1770106547.7352083,NSE_FO|NIFTY23OCT19500CE,19822.27,7
1770106548.2365484,NSE_FO|NIFTY23OCT19500CE,19821.81,5
1770106548.7373722,NSE_FO|NIFTY23OCT19500CE,19823.6,7
1770106549.252509,NSE_FO|NIFTY23OCT19500CE,19825.94,4
1770106549.7536461,NSE_FO|NIFTY23OCT19500CE,19827.95,3
1770106550.2550404,NSE_FO|NIFTY23OCT19500CE,19826.82,2
1770106550.771942,NSE_FO|NIFTY23OCT19500CE,19826.66,9
1770106551.2745726,NSE_FO|NIFTY23OCT19500CE,19827.14,4
1770106551.7775512,NSE_FO|NIFTY23OCT19500CE,19828.43,7
1770106552.2891545,NSE_FO|NIFTY23OCT19500CE,19828.31,5
1770106552.8045104,NSE_FO|NIFTY23OCT19500CE,19826.91,7
1770106553.3195536,NSE_FO|NIFTY23OCT19500CE,19826.4,3
1770106553.8247552,NSE_FO|NIFTY23OCT19500CE,19829.36,7
1770106554.3257012,NSE_FO|NIFTY23OCT19500CE,19828.24,10
1770106554.8393757,NSE_FO|NIFTY23OCT19500CE,19830.53,7
1770106555.3419235,NSE_FO|NIFTY23OCT19500CE,19829.94,9
1770106555.8577626,NSE_FO|NIFTY23OCT19500CE,19828.43,1
1770106556.3586774,NSE_FO|NIFTY23OCT19500CE,19827.62,3
1770106556.859738,NSE_FO|NIFTY23OCT19500CE,19826.19,9
1770106557.3614063,NSE_FO|NIFTY23OCT19500CE,19828.34,7
1770106557.877865,NSE_FO|NIFTY23OCT19500CE,19827.63,2
1770106558.3796175,NSE_FO|NIFTY23OCT19500CE,19826.28,2
1770106558.8909972,NSE_FO|NIFTY23OCT19500CE,19826.71,8
1770106559.3943913,NSE_FO|NIFTY23OCT19500CE,19825.71,2
1770106559.9069421,NSE_FO|NIFTY23OCT19500CE,19826.71,8
1770106560.415314,NSE_FO|NIFTY23OCT19500CE,19826.64,10
1770106560.9305763,NSE_FO|NIFTY23OCT19500CE,19826.59,4
1770106561.4463964,NSE_FO|NIFTY23OCT19500CE,19825.61,4
1770106561.9620285,NSE_FO|NIFTY23OCT19500CE,19825.49,5
1770106562.4636142,NSE_FO|NIFTY23OCT19500CE,19826.12,6
1770106562.9653864,NSE_FO|NIFTY23OCT19500CE,19826.05,4
1770106563.480618,NSE_FO|NIFTY23OCT19500CE,19828.51,3
1770106563.9813924,NSE_FO|NIFTY23OCT19500CE,19830.26,5
1770106564.48333,NSE_FO|NIFTY23OCT19500CE,19833.06,2
1770106564.9852,NSE_FO|NIFTY23OCT19500CE,19834.59,3
1770106565.500734,NSE_FO|NIFTY23OCT19500CE,19834.01,2
1770106566.0174162,NSE_FO|NIFTY23OCT19500CE,19836.67,3
1770106566.5342681,NSE_FO|NIFTY23OCT19500CE,19837.54,8
1770106567.0361187,NSE_FO|NIFTY23OCT19500CE,19839.05,3
1770106567.5524487,NSE_FO|NIFTY23OCT19500CE,19840.23,3
1770106568.054052,NSE_FO|NIFTY23OCT19500CE,19840.47,7
1770106568.5649533,NSE_FO|NIFTY23OCT19500CE,19842.62,7
1770106569.0704541,NSE_FO|NIFTY23OCT19500CE,19844.15,2
1770106569.5862954,NSE_FO|NIFTY23OCT19500CE,19842.73,3
1770106570.08807,NSE_FO|NIFTY23OCT19500CE,19841.99,1
1770106570.5897536,NSE_FO|NIFTY23OCT19500CE,19841.35,6
1770106571.1044505,NSE_FO|NIFTY23OCT19500CE,19843.83,4
1770106571.6207483,NSE_FO|NIFTY23OCT19500CE,19842.44,10
1770106572.1229527,NSE_FO|NIFTY23OCT19500CE,19842.74,5
1770106572.6240044,NSE_FO|NIFTY23OCT19500CE,19844.11,4
1770106573.1260872,NSE_FO|NIFTY23OCT19500CE,19847.0,2
1770106573.639577,NSE_FO|NIFTY23OCT19500CE,19847.87,5
1770106574.143033,NSE_FO|NIFTY23OCT19500CE,19848.06,9
1770106574.6583319,NSE_FO|NIFTY23OCT19500CE,19847.73,1
1770106575.1745937,NSE_FO|NIFTY23OCT19500CE,19849.5,9
1770106575.6772723,NSE_FO|NIFTY23OCT19500CE,19849.6,10
1770106576.1920836,NSE_FO|NIFTY23OCT19500CE,19848.96,9
1770106576.7073538,NSE_FO|NIFTY23OCT19500CE,19850.87,10
1770106577.2104547,NSE_FO|NIFTY23OCT19500CE,19850.78,1
1770106577.7134411,NSE_FO|NIFTY23OCT19500CE,19853.02,7
1770106578.2279372,NSE_FO|NIFTY23OCT19500CE,19855.09,10
1770106578.7292151,NSE_FO|NIFTY23OCT19500CE,19856.9,3
1770106579.2427914,NSE_FO|NIFTY23OCT19500CE,19855.75,4
1770106579.7451317,NSE_FO|NIFTY23OCT19500CE,19856.44,7
1770106580.246385,NSE_FO|NIFTY23OCT19500CE,19857.45,10
1770106580.7594924,NSE_FO|NIFTY23OCT19500CE,19859.1,2
1770106581.2638075,NSE_FO|NIFTY23OCT19500CE,19860.81,9
1770106581.7809706,NSE_FO|NIFTY23OCT19500CE,19861.84,3
1770106582.283528,NSE_FO|NIFTY23OCT19500CE,19863.49,5
1770106582.7977328,NSE_FO|NIFTY23OCT19500CE,19864.73,8
1770106583.3146973,NSE_FO|NIFTY23OCT19500CE,19866.18,6
1770106583.8273704,NSE_FO|NIFTY23OCT19500CE,19865.12,4
1770106584.3323717,NSE_FO|NIFTY23OCT19500CE,19864.02,4
1770106584.8465977,NSE_FO|NIFTY23OCT19500CE,19866.43,10
1770106585.3484576,NSE_FO|NIFTY23OCT19500CE,19868.27,4
1770106585.8516712,NSE_FO|NIFTY23OCT19500CE,19869.88,9
1770106586.365903,NSE_FO|NIFTY23OCT19500CE,19868.5,7
1770106586.8730476,NSE_FO|NIFTY23OCT19500CE,19871.31,9
1770106587.3821502,NSE_FO|NIFTY23OCT19500CE,19870.51,3
1770106587.8965786,NSE_FO|NIFTY23OCT19500CE,19869.22,7
1770106588.4017644,NSE_FO|NIFTY23OCT19500CE,19868.8,2
1770106588.915552,NSE_FO|NIFTY23OCT19500CE,19871.17,9
1770106589.42046,NSE_FO|NIFTY23OCT19500CE,19873.63,10
1770106589.9359674,NSE_FO|NIFTY23OCT19500CE,19872.31,3
1770106590.4380171,NSE_FO|NIFTY23OCT19500CE,19871.82,1
1770106590.939722,NSE_FO|NIFTY23OCT19500CE,19871.8,1
1770106591.4535537,NSE_FO|NIFTY23OCT19500CE,19873.54,2
1770106591.9713979,NSE_FO|NIFTY23OCT19500CE,19876.06,9
1770106592.474131,NSE_FO|NIFTY23OCT19500CE,19875.44,7
1770106592.9891279,NSE_FO|NIFTY23OCT19500CE,19876.43,1
1770106593.4907024,NSE_FO|NIFTY23OCT19500CE,19879.34,9
1770106593.9933817,NSE_FO|NIFTY23OCT19500CE,19880.21,9
1770106594.5059934,NSE_FO|NIFTY23OCT19500CE,19880.93,4
1770106595.009027,NSE_FO|NIFTY23OCT19500CE,19882.17,4
1770106595.5248508,NSE_FO|NIFTY23OCT19500CE,19882.05,8
1770106596.0260427,NSE_FO|NIFTY23OCT19500CE,19884.62,6
1770106596.543126,NSE_FO|NIFTY23OCT19500CE,19887.48,8
1770106597.0493562,NSE_FO|NIFTY23OCT19500CE,19888.35,6
1770106597.5535648,NSE_FO|NIFTY23OCT19500CE,19889.18,3
1770106598.0607305,NSE_FO|NIFTY23OCT19500CE,19887.59,8
1770106598.5777907,NSE_FO|NIFTY23OCT19500CE,19888.13,7
1770106599.0942402,NSE_FO|NIFTY23OCT19500CE,19887.17,1
1770106599.5969312,NSE_FO|NIFTY23OCT19500CE,19885.54,2
1770106600.1126504,NSE_FO|NIFTY23OCT19500CE,19883.63,3
1770106600.6274571,NSE_FO|NIFTY23OCT19500CE,19885.45,1
1770106601.1293771,NSE_FO|NIFTY23OCT19500CE,19887.1,8
1770106601.6306107,NSE_FO|NIFTY23OCT19500CE,19887.67,4
1770106602.1316595,NSE_FO|NIFTY23OCT19500CE,19887.44,5
1770106602.63259,NSE_FO|NIFTY23OCT19500CE,19885.67,4
1770106603.149049,NSE_FO|NIFTY23OCT19500CE,19888.55,4
1770106603.6511264,NSE_FO|NIFTY23OCT19500CE,19890.4,3
1770106604.156268,NSE_FO|NIFTY23OCT19500CE,19888.44,4
1770106604.666057,NSE_FO|NIFTY23OCT19500CE,19888.48,5
1770106605.1815186,NSE_FO|NIFTY23OCT19500CE,19891.19,9
1770106605.6847906,NSE_FO|NIFTY23OCT19500CE,19889.46,8
1770106606.192863,NSE_FO|NIFTY23OCT19500CE,19892.24,6
1770106606.7015996,NSE_FO|NIFTY23OCT19500CE,19895.03,3
1770106607.2169518,NSE_FO|NIFTY23OCT19500CE,19895.82,1
1770106607.719022,NSE_FO|NIFTY23OCT19500CE,19897.5,1
1770106608.234887,NSE_FO|NIFTY23OCT19500CE,19897.24,6
1770106608.75154,NSE_FO|NIFTY23OCT19500CE,19898.5,1
1770106609.2681923,NSE_FO|NIFTY23OCT19500CE,19898.89,7
1770106609.7719092,NSE_FO|NIFTY23OCT19500CE,19901.43,5
1770106610.2860787,NSE_FO|NIFTY23OCT19500CE,19900.22,9
1770106610.788586,NSE_FO|NIFTY23OCT19500CE,19902.6,4
1770106611.3040738,NSE_FO|NIFTY23OCT19500CE,19904.8,4
1770106611.8060572,NSE_FO|NIFTY23OCT19500CE,19907.78,10
1770106612.321693,NSE_FO|NIFTY23OCT19500CE,19909.1,9
1770106612.8227873,NSE_FO|NIFTY23OCT19500CE,19911.63,9
1770106613.3244355,NSE_FO|NIFTY23OCT19500CE,19914.37,8
1770106613.8401928,NSE_FO|NIFTY23OCT19500CE,19916.24,8
1770106614.3411975,NSE_FO|NIFTY23OCT19500CE,19917.69,4
1770106614.8542523,NSE_FO|NIFTY23OCT19500CE,19916.97,6
1770106615.359734,NSE_FO|NIFTY23OCT19500CE,19915.8,2
1770106615.8615105,NSE_FO|NIFTY23OCT19500CE,19914.14,1
1770106616.3739088,NSE_FO|NIFTY23OCT19500CE,19914.47,3
1770106616.877272,NSE_FO|NIFTY23OCT19500CE,19913.91,10
1770106617.3923671,NSE_FO|NIFTY23OCT19500CE,19912.11,9
1770106617.9079359,NSE_FO|NIFTY23OCT19500CE,19914.17,3
1770106618.4104216,NSE_FO|NIFTY23OCT19500CE,19915.63,8
1770106618.9116073,NSE_FO|NIFTY23OCT19500CE,19915.45,5
1770106619.4161844,NSE_FO|NIFTY23OCT19500CE,19913.9,8
1770106619.9275749,NSE_FO|NIFTY23OCT19500CE,19915.19,4
1770106620.430634,NSE_FO|NIFTY23OCT19500CE,19915.45,7
1770106620.9471276,NSE_FO|NIFTY23OCT19500CE,19914.32,1
1770106621.4518447,NSE_FO|NIFTY23OCT19500CE,19913.43,9
1770106621.963274,NSE_FO|NIFTY23OCT19500CE,19913.37,8
1770106622.4646957,NSE_FO|NIFTY23OCT19500CE,19915.25,1
1770106622.977816,NSE_FO|NIFTY23OCT19500CE,19916.53,3
1770106623.480155,NSE_FO|NIFTY23OCT19500CE,19915.23,6
1770106623.9828408,NSE_FO|NIFTY23OCT19500CE,19914.74,4
1770106624.4998708,NSE_FO|NIFTY23OCT19500CE,19916.97,5
1770106625.0166407,NSE_FO|NIFTY23OCT19500CE,19916.13,8
1770106625.5190103,NSE_FO|NIFTY23OCT19500CE,19918.27,3
1770106626.0317936,NSE_FO|NIFTY23OCT19500CE,19919.54,5
1770106626.5345867,NSE_FO|NIFTY23OCT19500CE,19918.64,1
1770106627.0516827,NSE_FO|NIFTY23OCT19500CE,19918.74,6
1770106627.554337,NSE_FO|NIFTY23OCT19500CE,19919.73,2
1770106628.0564811,NSE_FO|NIFTY23OCT19500CE,19919.05,4
1770106628.5694458,NSE_FO|NIFTY23OCT19500CE,19917.96,10
1770106629.079471,NSE_FO|NIFTY23OCT19500CE,19919.9,3
1770106629.5863283,NSE_FO|NIFTY23OCT19500CE,19919.84,2
1770106630.1023488,NSE_FO|NIFTY23OCT19500CE,19921.97,5
1770106630.603178,NSE_FO|NIFTY23OCT19500CE,19924.71,2
1770106631.1050415,NSE_FO|NIFTY23OCT19500CE,19926.13,9
1770106631.621588,NSE_FO|NIFTY23OCT19500CE,19926.18,10
1770106632.139201,NSE_FO|NIFTY23OCT19500CE,19924.74,1
1770106632.6537006,NSE_FO|NIFTY23OCT19500CE,19923.54,4
1770106633.156687,NSE_FO|NIFTY23OCT19500CE,19922.96,4
1770106633.6718187,NSE_FO|NIFTY23OCT19500CE,19921.21,2
1770106634.173659,NSE_FO|NIFTY23OCT19500CE,19924.06,10
1770106634.6895223,NSE_FO|NIFTY23OCT19500CE,19922.77,3
1770106635.1911,NSE_FO|NIFTY23OCT19500CE,19921.17,5
1770106635.7077084,NSE_FO|NIFTY23OCT19500CE,19922.27,9
1770106636.208381,NSE_FO|NIFTY23OCT19500CE,19923.34,3
1770106636.709293,NSE_FO|NIFTY23OCT19500CE,19922.55,1
1770106637.2259758,NSE_FO|NIFTY23OCT19500CE,19921.2,9
1770106637.727061,NSE_FO|NIFTY23OCT19500CE,19922.33,2
1770106638.2281337,NSE_FO|NIFTY23OCT19500CE,19923.59,3
1770106638.7436597,NSE_FO|NIFTY23OCT19500CE,19924.0,10
1770106639.2452328,NSE_FO|NIFTY23OCT19500CE,19924.51,9
1770106639.7613294,NSE_FO|NIFTY23OCT19500CE,19924.81,2
1770106640.262083,NSE_FO|NIFTY23OCT19500CE,19924.45,6
1770106640.7630742,NSE_FO|NIFTY23OCT19500CE,19925.63,7
1770106641.2640493,NSE_FO|NIFTY23OCT19500CE,19926.52,3
1770106641.7650166,NSE_FO|NIFTY23OCT19500CE,19926.16,1
1770106642.2809708,NSE_FO|NIFTY23OCT19500CE,19925.97,10
1770106642.784119,NSE_FO|NIFTY23OCT19500CE,19926.17,2
1770106643.298244,NSE_FO|NIFTY23OCT19500CE,19925.92,6
1770106643.813547,NSE_FO|NIFTY23OCT19500CE,19924.6,9
1770106644.3152695,NSE_FO|NIFTY23OCT19500CE,19924.39,8
1770106644.8169441,NSE_FO|NIFTY23OCT19500CE,19925.5,9
1770106645.33174,NSE_FO|NIFTY23OCT19500CE,19925.42,4
1770106645.8333313,NSE_FO|NIFTY23OCT19500CE,19927.37,2
1770106646.3372645,NSE_FO|NIFTY23OCT19500CE,19929.29,4
1770106646.8516653,NSE_FO|NIFTY23OCT19500CE,19928.34,8
1770106647.3674731,NSE_FO|NIFTY23OCT19500CE,19929.73,6
1770106647.8690012,NSE_FO|NIFTY23OCT19500CE,19932.31,10
1770106648.382761,NSE_FO|NIFTY23OCT19500CE,19930.34,10
1770106648.8978927,NSE_FO|NIFTY23OCT19500CE,19930.64,10
1770106649.4023108,NSE_FO|NIFTY23OCT19500CE,19933.64,1
1770106649.9038131,NSE_FO|NIFTY23OCT19500CE,19931.92,7
1770106650.4047208,NSE_FO|NIFTY23OCT19500CE,19931.47,6
1770106650.920618,NSE_FO|NIFTY23OCT19500CE,19930.78,8
1770106651.4352949,NSE_FO|NIFTY23OCT19500CE,19929.05,1
1770106651.938212,NSE_FO|NIFTY23OCT19500CE,19928.67,7
1770106652.4524329,NSE_FO|NIFTY23OCT19500CE,19930.03,7
1770106652.96833,NSE_FO|NIFTY23OCT19500CE,19932.99,1
1770106653.476388,NSE_FO|NIFTY23OCT19500CE,19934.37,9
1770106653.9904597,NSE_FO|NIFTY23OCT19500CE,19935.78,2
1770106654.5064027,NSE_FO|NIFTY23OCT19500CE,19933.8,5
1770106655.0079973,NSE_FO|NIFTY23OCT19500CE,19934.53,3
1770106655.5215073,NSE_FO|NIFTY23OCT19500CE,19935.2,6
1770106656.0239155,NSE_FO|NIFTY23OCT19500CE,19937.55,10
1770106656.5306377,NSE_FO|NIFTY23OCT19500CE,19938.21,3
1770106657.0440063,NSE_FO|NIFTY23OCT19500CE,19937.86,7
1770106657.55762,NSE_FO|NIFTY23OCT19500CE,19938.67,5
1770106658.0590556,NSE_FO|NIFTY23OCT19500CE,19940.49,9
1770106658.5603182,NSE_FO|NIFTY23OCT19500CE,19939.4,9
1770106659.076565,NSE_FO|NIFTY23OCT19500CE,19941.43,1
1770106659.5806725,NSE_FO|NIFTY23OCT19500CE,19944.32,3
1770106660.081793,NSE_FO|NIFTY23OCT19500CE,19945.47,6
1770106660.5938962,NSE_FO|NIFTY23OCT19500CE,19945.61,5
1770106661.0947669,NSE_FO|NIFTY23OCT19500CE,19946.04,1
1770106661.596417,NSE_FO|NIFTY23OCT19500CE,19944.91,9
1770106662.097753,NSE_FO|NIFTY23OCT19500CE,19946.95,7
1770106662.613268,NSE_FO|NIFTY23OCT19500CE,19946.74,9
1770106663.1157413,NSE_FO|NIFTY23OCT19500CE,19945.4,3
1770106663.6318796,NSE_FO|NIFTY23OCT19500CE,19946.53,6
1770106664.1339862,NSE_FO|NIFTY23OCT19500CE,19947.14,1
1770106664.6472652,NSE_FO|NIFTY23OCT19500CE,19947.33,8
1770106665.1496768,NSE_FO|NIFTY23OCT19500CE,19947.71,1
1770106665.666305,NSE_FO|NIFTY23OCT19500CE,19947.28,1
1770106666.181962,NSE_FO|NIFTY23OCT19500CE,19945.49,6
1770106666.6843402,NSE_FO|NIFTY23OCT19500CE,19944.36,1
1770106667.2006767,NSE_FO|NIFTY23OCT19500CE,19945.79,8
1770106667.7160337,NSE_FO|NIFTY23OCT19500CE,19944.56,10
1770106668.2176828,NSE_FO|NIFTY23OCT19500CE,19943.4,9
1770106668.7184343,NSE_FO|NIFTY23OCT19500CE,19943.79,1
1770106669.2190235,NSE_FO|NIFTY23OCT19500CE,19944.43,9
1770106669.720195,NSE_FO|NIFTY23OCT19500CE,19945.75,5
1770106670.2365808,NSE_FO|NIFTY23OCT19500CE,19946.29,3
1770106670.7389538,NSE_FO|NIFTY23OCT19500CE,19945.04,6
1770106671.2555578,NSE_FO|NIFTY23OCT19500CE,19944.19,5
1770106671.7711024,NSE_FO|NIFTY23OCT19500CE,19946.59,4
1770106672.2723703,NSE_FO|NIFTY23OCT19500CE,19948.53,3
1770106672.7884312,NSE_FO|NIFTY23OCT19500CE,19949.77,2
1770106673.2907465,NSE_FO|NIFTY23OCT19500CE,19949.27,1
1770106673.8060741,NSE_FO|NIFTY23OCT19500CE,19949.82,10
1770106674.3205833,NSE_FO|NIFTY23OCT19500CE,19948.28,9
1770106674.824345,NSE_FO|NIFTY23OCT19500CE,19947.83,8
1770106675.340274,NSE_FO|NIFTY23OCT19500CE,19946.6,3
1770106675.8419247,NSE_FO|NIFTY23OCT19500CE,19945.5,3
1770106676.3450253,NSE_FO|NIFTY23OCT19500CE,19944.1,5
1770106676.8586736,NSE_FO|NIFTY23OCT19500CE,19946.5,6
1770106677.363183,NSE_FO|NIFTY23OCT19500CE,19947.79,8
1770106677.877312,NSE_FO|NIFTY23OCT19500CE,19948.66,4
1770106678.3929355,NSE_FO|NIFTY23OCT19500CE,19949.35,3
1770106678.8984115,NSE_FO|NIFTY23OCT19500CE,19949.57,2
1770106679.4080076,NSE_FO|NIFTY23OCT19500CE,19948.92,9
1770106679.9147363,NSE_FO|NIFTY23OCT19500CE,19947.19,5
1770106680.4157681,NSE_FO|NIFTY23OCT19500CE,19946.77,8
1770106680.9212475,NSE_FO|NIFTY23OCT19500CE,19948.31,6
1770106681.430133,NSE_FO|NIFTY23OCT19500CE,19946.94,2
1770106681.9441547,NSE_FO|NIFTY23OCT19500CE,19947.9,8
1770106682.445749,NSE_FO|NIFTY23OCT19500CE,19946.55,9
1770106682.9485087,NSE_FO|NIFTY23OCT19500CE,19946.57,8
1770106683.463344,NSE_FO|NIFTY23OCT19500CE,19947.43,8
1770106683.9653795,NSE_FO|NIFTY23OCT19500CE,19946.99,7
1770106684.4805536,NSE_FO|NIFTY23OCT19500CE,19948.32,8
1770106684.9826226,NSE_FO|NIFTY23OCT19500CE,19946.51,9
1770106685.4848375,NSE_FO|NIFTY23OCT19500CE,19949.5,7
1770106686.000362,NSE_FO|NIFTY23OCT19500CE,19948.76,8
1770106686.5041866,NSE_FO|NIFTY23OCT19500CE,19948.1,7
1770106687.0178828,NSE_FO|NIFTY23OCT19500CE,19950.58,9
1770106687.527914,NSE_FO|NIFTY23OCT19500CE,19953.21,10
1770106688.0352895,NSE_FO|NIFTY23OCT19500CE,19954.65,8
1770106688.5374095,NSE_FO|NIFTY23OCT19500CE,19955.89,3
1770106689.0527925,NSE_FO|NIFTY23OCT19500CE,19956.99,5
1770106689.568643,NSE_FO|NIFTY23OCT19500CE,19957.63,3
1770106690.084428,NSE_FO|NIFTY23OCT19500CE,19958.03,4
1770106690.5881715,NSE_FO|NIFTY23OCT19500CE,19956.14,10
1770106691.1030126,NSE_FO|NIFTY23OCT19500CE,19959.02,6
1770106691.604055,NSE_FO|NIFTY23OCT19500CE,19957.84,9
1770106692.117557,NSE_FO|NIFTY23OCT19500CE,19958.68,9
1770106692.6217792,NSE_FO|NIFTY23OCT19500CE,19957.04,7
1770106693.1227796,NSE_FO|NIFTY23OCT19500CE,19955.76,5
1770106693.6399262,NSE_FO|NIFTY23OCT19500CE,19955.33,3
1770106694.1562212,NSE_FO|NIFTY23OCT19500CE,19955.12,9
1770106694.674059,NSE_FO|NIFTY23OCT19500CE,19957.03,5
1770106695.1770976,NSE_FO|NIFTY23OCT19500CE,19959.15,1
1770106695.6915863,NSE_FO|NIFTY23OCT19500CE,19962.13,2
1770106696.1982594,NSE_FO|NIFTY23OCT19500CE,19962.13,10
1770106696.7077363,NSE_FO|NIFTY23OCT19500CE,19962.95,8
1770106697.2174435,NSE_FO|NIFTY23OCT19500CE,19962.0,2
1770106697.719476,NSE_FO|NIFTY23OCT19500CE,19960.49,1
1770106698.2288232,NSE_FO|NIFTY23OCT19500CE,19962.49,4
1770106698.7417326,NSE_FO|NIFTY23OCT19500CE,19962.67,6
1770106699.2430584,NSE_FO|NIFTY23OCT19500CE,19965.63,8
1770106699.7541678,NSE_FO|NIFTY23OCT19500CE,19964.19,8
1770106700.257751,NSE_FO|NIFTY23OCT19500CE,19966.77,5
1770106700.761755,NSE_FO|NIFTY23OCT19500CE,19966.38,2
1770106701.2630534,NSE_FO|NIFTY23OCT19500CE,19968.94,7
1770106701.7785027,NSE_FO|NIFTY23OCT19500CE,19970.32,1
1770106702.29165,NSE_FO|NIFTY23OCT19500CE,19971.6,7
1770106702.7974796,NSE_FO|NIFTY23OCT19500CE,19971.44,5
1770106703.3134,NSE_FO|NIFTY23OCT19500CE,19971.7,3
1770106703.8143287,NSE_FO|NIFTY23OCT19500CE,19974.24,9
1770106704.3306024,NSE_FO|NIFTY23OCT19500CE,19974.38,2
1770106704.845885,NSE_FO|NIFTY23OCT19500CE,19977.14,1
1770106705.3495464,NSE_FO|NIFTY23OCT19500CE,19979.61,4
1770106705.8661523,NSE_FO|NIFTY23OCT19500CE,19978.41,2
1770106706.383704,NSE_FO|NIFTY23OCT19500CE,19979.36,7
1770106706.8889885,NSE_FO|NIFTY23OCT19500CE,19981.0,3
1770106707.4003196,NSE_FO|NIFTY23OCT19500CE,19981.14,4
1770106707.901816,NSE_FO|NIFTY23OCT19500CE,19983.62,4
1770106708.4161308,NSE_FO|NIFTY23OCT19500CE,19982.55,5
1770106708.9190688,NSE_FO|NIFTY23OCT19500CE,19982.26,4
1770106709.4349873,NSE_FO|NIFTY23OCT19500CE,19982.81,7
1770106709.935506,NSE_FO|NIFTY23OCT19500CE,19981.14,8
1770106710.4514985,NSE_FO|NIFTY23OCT19500CE,19980.13,3
1770106710.9542155,NSE_FO|NIFTY23OCT19500CE,19981.16,10
1770106711.456362,NSE_FO|NIFTY23OCT19500CE,19980.42,9
1770106711.970388,NSE_FO|NIFTY23OCT19500CE,19982.24,4
1770106712.47207,NSE_FO|NIFTY23OCT19500CE,19984.4,10
1770106712.9882839,NSE_FO|NIFTY23OCT19500CE,19985.82,10
1770106713.4896789,NSE_FO|NIFTY23OCT19500CE,19986.25,5
1770106714.0014515,NSE_FO|NIFTY23OCT19500CE,19987.47,8
1770106714.5104227,NSE_FO|NIFTY23OCT19500CE,19988.96,5
1770106715.0241542,NSE_FO|NIFTY23OCT19500CE,19990.22,5
1770106715.5289018,NSE_FO|NIFTY23OCT19500CE,19992.24,7
1770106716.040302,NSE_FO|NIFTY23OCT19500CE,19993.08,2
1770106716.5414865,NSE_FO|NIFTY23OCT19500CE,19992.7,4
1770106717.0565834,NSE_FO|NIFTY23OCT19500CE,19991.64,6
1770106717.5583265,NSE_FO|NIFTY23OCT19500CE,19993.48,3
1770106718.0590937,NSE_FO|NIFTY23OCT19500CE,19994.09,1
1770106718.5601876,NSE_FO|NIFTY23OCT19500CE,19992.31,7
1770106719.061889,NSE_FO|NIFTY23OCT19500CE,19991.55,7
1770106719.577963,NSE_FO|NIFTY23OCT19500CE,19991.8,10
1770106720.0940304,NSE_FO|NIFTY23OCT19500CE,19993.82,6
1770106720.610432,NSE_FO|NIFTY23OCT19500CE,19992.45,3
1770106721.1125371,NSE_FO|NIFTY23OCT19500CE,19992.31,2
1770106721.6169193,NSE_FO|NIFTY23OCT19500CE,19993.6,9
