Timestamp,Symbol,LTP,Volume
1767086253.9910634,NSE_FO|NIFTY,19497.61,5
1767086254.4941597,NSE_FO|NIFTY,19499.61,9
1767086255.0071542,NSE_FO|NIFTY,19500.03,9
1767086255.509476,NSE_FO|NIFTY,19498.61,7
1767086256.0254123,NSE_FO|NIFTY,19497.74,2
1767086256.5410285,NSE_FO|NIFTY,19498.91,4
1767086257.0431347,NSE_FO|NIFTY,19500.54,2
1767086257.5467243,NSE_FO|NIFTY,19501.22,5
1767086258.0613341,NSE_FO|NIFTY,19504.1,3
1767086258.5647552,NSE_FO|NIFTY,19503.63,7
1767086259.0790951,NSE_FO|NIFTY,19506.23,10
1767086259.5922418,NSE_FO|NIFTY,19508.92,4
1767086260.0954778,NSE_FO|NIFTY,19511.35,8
1767086260.597646,NSE_FO|NIFTY,19511.99,1
1767086261.1141717,NSE_FO|NIFTY,19514.39,9
1767086261.6295934,NSE_FO|NIFTY,19513.21,7
1767086262.1456223,NSE_FO|NIFTY,19513.58,1
1767086262.661714,NSE_FO|NIFTY,19513.07,7
1767086263.164603,NSE_FO|NIFTY,19512.07,10
1767086263.6788898,NSE_FO|NIFTY,19511.9,2
1767086264.1825411,NSE_FO|NIFTY,19510.07,1
1767086264.6926825,NSE_FO|NIFTY,19512.09,9
1767086265.1986015,NSE_FO|NIFTY,19510.11,4
1767086265.7119703,NSE_FO|NIFTY,19508.38,1
1767086266.2171166,NSE_FO|NIFTY,19506.94,8
1767086266.733078,NSE_FO|NIFTY,19506.72,6
1767086267.2496107,NSE_FO|NIFTY,19506.26,3
1767086267.7516575,NSE_FO|NIFTY,19506.09,7
1767086268.2531364,NSE_FO|NIFTY,19507.56,1
1767086268.7556393,NSE_FO|NIFTY,19509.36,10
1767086269.258041,NSE_FO|NIFTY,19512.22,8
1767086269.7714524,NSE_FO|NIFTY,19511.36,10
1767086270.287136,NSE_FO|NIFTY,19511.53,3
1767086270.8030784,NSE_FO|NIFTY,19514.16,2
1767086271.306154,NSE_FO|NIFTY,19514.24,5
1767086271.8200839,NSE_FO|NIFTY,19516.05,3
1767086272.322023,NSE_FO|NIFTY,19518.02,2
1767086272.8372357,NSE_FO|NIFTY,19519.08,7
1767086273.3394206,NSE_FO|NIFTY,19519.16,1
1767087704.029655,NSE_FO|NIFTY,19500.79,3
1767087704.5335374,NSE_FO|NIFTY,19499.15,10
1767087705.0482001,NSE_FO|NIFTY,19501.63,6
1767087705.5641775,NSE_FO|NIFTY,19500.55,10
1767087706.06753,NSE_FO|NIFTY,19501.88,1
1767087706.5736918,NSE_FO|NIFTY,19502.52,5
1767087707.0848231,NSE_FO|NIFTY,19502.57,8
1767087707.5964077,NSE_FO|NIFTY,19505.06,8
1767087708.1063972,NSE_FO|NIFTY,19506.94,8
1767087708.6097984,NSE_FO|NIFTY,19505.75,9
1767087709.1215,NSE_FO|NIFTY,19504.27,2
1767087709.6331027,NSE_FO|NIFTY,19506.94,7
1767087710.1370268,NSE_FO|NIFTY,19509.9,1
1767087710.653851,NSE_FO|NIFTY,19509.82,3
1767087711.161442,NSE_FO|NIFTY,19508.69,8
1767087711.670524,NSE_FO|NIFTY,19507.12,4
1767087712.1807053,NSE_FO|NIFTY,19505.94,7
1767087712.688234,NSE_FO|NIFTY,19504.94,6
1767087713.2052665,NSE_FO|NIFTY,19507.12,7
1767087713.7171934,NSE_FO|NIFTY,19507.44,5
1767087714.2245376,NSE_FO|NIFTY,19510.0,4
1767087714.732082,NSE_FO|NIFTY,19509.14,9
1767087715.239478,NSE_FO|NIFTY,19509.21,7
1767087715.7525475,NSE_FO|NIFTY,19508.07,10
1767087716.2681272,NSE_FO|NIFTY,19507.74,6
1767087716.771933,NSE_FO|NIFTY,19509.72,1
1767087717.284569,NSE_FO|NIFTY,19511.73,1
1767087717.7918904,NSE_FO|NIFTY,19512.51,1
1767087718.3067856,NSE_FO|NIFTY,19511.68,2
1767087718.811231,NSE_FO|NIFTY,19510.45,6
1767087719.3269901,NSE_FO|NIFTY,19509.8,4
1767087719.8310983,NSE_FO|NIFTY,19511.12,10
1767087720.3471246,NSE_FO|NIFTY,19510.11,9
1767087720.855805,NSE_FO|NIFTY,19509.27,8
1767087721.361984,NSE_FO|NIFTY,19509.27,7
1767087721.8653803,NSE_FO|NIFTY,19508.8,8
1767087722.3789344,NSE_FO|NIFTY,19508.16,10
1767087722.880886,NSE_FO|NIFTY,19508.25,9
1767087723.3965268,NSE_FO|NIFTY,19510.71,5
1767087723.913344,NSE_FO|NIFTY,19509.27,6
1767087724.4295955,NSE_FO|NIFTY,19509.28,9
1767087724.9309115,NSE_FO|NIFTY,19509.35,7
1767087725.4332764,NSE_FO|NIFTY,19511.5,10
1767087725.9484465,NSE_FO|NIFTY,19510.61,3
1767087726.464765,NSE_FO|NIFTY,19510.84,10
1767087726.9664812,NSE_FO|NIFTY,19512.64,9
1767087727.482337,NSE_FO|NIFTY,19511.73,6
1767087727.9838464,NSE_FO|NIFTY,19511.2,8
1767087728.4954872,NSE_FO|NIFTY,19510.95,3
1767087729.0059917,NSE_FO|NIFTY,19510.05,10
1767087729.5154047,NSE_FO|NIFTY,19508.29,8
1767087730.0189753,NSE_FO|NIFTY,19508.55,5
1767087730.5333838,NSE_FO|NIFTY,19507.14,4
1767087731.0498676,NSE_FO|NIFTY,19506.53,7
1767087731.5520763,NSE_FO|NIFTY,19506.75,5
1767087732.0551658,NSE_FO|NIFTY,19507.19,10
1767087732.5628862,NSE_FO|NIFTY,19508.34,6
1767087733.096521,NSE_FO|NIFTY,19507.57,6
1767087733.606106,NSE_FO|NIFTY,19510.5,1
1767087734.1313634,NSE_FO|NIFTY,19513.41,10
1767087734.6371064,NSE_FO|NIFTY,19514.01,6
1767087735.139349,NSE_FO|NIFTY,19512.75,5
1767087735.6486983,NSE_FO|NIFTY,19512.4,3
1767087736.1607037,NSE_FO|NIFTY,19513.11,8
1767087736.6681678,NSE_FO|NIFTY,19514.53,8
1767087737.180249,NSE_FO|NIFTY,19514.12,6
1767087737.7193103,NSE_FO|NIFTY,19513.59,3
1767087738.2270327,NSE_FO|NIFTY,19512.68,4
1767087738.7399597,NSE_FO|NIFTY,19512.89,7
1767087739.2430658,NSE_FO|NIFTY,19515.75,9
1767087739.7599716,NSE_FO|NIFTY,19517.75,5
1767087740.2716587,NSE_FO|NIFTY,19518.06,10
1767087740.7867074,NSE_FO|NIFTY,19519.57,3
1767087741.288707,NSE_FO|NIFTY,19518.89,9
1767087741.796196,NSE_FO|NIFTY,19520.97,6
1767087742.3143275,NSE_FO|NIFTY,19519.37,10
1767087742.8255877,NSE_FO|NIFTY,19520.48,7
1767087743.3419347,NSE_FO|NIFTY,19519.89,6
1767087743.8508196,NSE_FO|NIFTY,19520.05,6
1767087744.3532434,NSE_FO|NIFTY,19522.19,9
1767087744.8624415,NSE_FO|NIFTY,19520.5,6
1767087745.3726966,NSE_FO|NIFTY,19520.13,9
1767087745.874966,NSE_FO|NIFTY,19520.66,3
1767087746.3818867,NSE_FO|NIFTY,19522.8,6
1767087746.8970528,NSE_FO|NIFTY,19525.21,10
1767087747.4119995,NSE_FO|NIFTY,19527.0,4
1767087747.915517,NSE_FO|NIFTY,19526.62,2
1767087748.4314456,NSE_FO|NIFTY,19528.78,7
1767087748.9356408,NSE_FO|NIFTY,19529.55,1
1767087749.452042,NSE_FO|NIFTY,19528.61,5
1767087749.9639866,NSE_FO|NIFTY,19529.9,7
1767087750.4702983,NSE_FO|NIFTY,19530.27,2
1767087750.9807024,NSE_FO|NIFTY,19532.62,5
1767087751.4818795,NSE_FO|NIFTY,19534.4,6
1767087751.9840202,NSE_FO|NIFTY,19535.31,3
1767087752.500275,NSE_FO|NIFTY,19533.79,9
1767087753.0055017,NSE_FO|NIFTY,19534.36,5
1767087753.5206769,NSE_FO|NIFTY,19535.31,8
1767087754.025877,NSE_FO|NIFTY,19537.95,4
1767087754.5382082,NSE_FO|NIFTY,19540.04,2
1767087755.0543425,NSE_FO|NIFTY,19538.23,9
1767087755.556559,NSE_FO|NIFTY,19540.34,5
1767087756.0591264,NSE_FO|NIFTY,19541.31,9
1767087756.5620086,NSE_FO|NIFTY,19539.73,4
1767087757.0779219,NSE_FO|NIFTY,19540.87,1
1767087757.5838816,NSE_FO|NIFTY,19541.9,2
1767087758.0900364,NSE_FO|NIFTY,19544.57,5
1767087758.5935867,NSE_FO|NIFTY,19543.25,3
1767087759.099724,NSE_FO|NIFTY,19542.64,10
1767087759.605623,NSE_FO|NIFTY,19541.61,10
1767087760.1115782,NSE_FO|NIFTY,19542.46,1
1767087760.6282194,NSE_FO|NIFTY,19542.24,3
1767087761.1443117,NSE_FO|NIFTY,19542.72,6
1767087761.6595306,NSE_FO|NIFTY,19543.14,8
1767087762.1626284,NSE_FO|NIFTY,19544.43,7
1767087762.679033,NSE_FO|NIFTY,19543.67,9
1767087763.181767,NSE_FO|NIFTY,19545.05,2
1767087763.6957579,NSE_FO|NIFTY,19547.7,9
1767087764.1976392,NSE_FO|NIFTY,19547.88,4
1767087764.7140234,NSE_FO|NIFTY,19546.29,6
1767087765.2282207,NSE_FO|NIFTY,19544.68,1
1767087765.7299201,NSE_FO|NIFTY,19547.34,6
1767087766.2323487,NSE_FO|NIFTY,19548.64,2
1767087766.73665,NSE_FO|NIFTY,19550.64,3
1767087767.2484674,NSE_FO|NIFTY,19549.32,3
1767087767.7501464,NSE_FO|NIFTY,19550.25,6
1767087768.2512863,NSE_FO|NIFTY,19549.74,9
1767087768.767973,NSE_FO|NIFTY,19549.83,9
1767087769.2695808,NSE_FO|NIFTY,19549.09,5
1767087769.7840288,NSE_FO|NIFTY,19551.83,3
1767087770.2850444,NSE_FO|NIFTY,19553.39,3
1767087770.7872498,NSE_FO|NIFTY,19556.36,6
1767087771.3013182,NSE_FO|NIFTY,19557.44,6
1767087771.80503,NSE_FO|NIFTY,19556.72,7
1767087772.3207114,NSE_FO|NIFTY,19558.34,8
1767087772.8376365,NSE_FO|NIFTY,19560.91,6
1767087773.353992,NSE_FO|NIFTY,19562.68,4
1767087773.8552544,NSE_FO|NIFTY,19562.93,7
1767087774.3574224,NSE_FO|NIFTY,19563.25,5
1767087774.8704066,NSE_FO|NIFTY,19561.45,4
1767087775.3728373,NSE_FO|NIFTY,19562.47,3
1767087775.8735726,NSE_FO|NIFTY,19564.87,2
1767087776.3751209,NSE_FO|NIFTY,19565.85,4
1767087776.89119,NSE_FO|NIFTY,19566.91,3
1767087777.407419,NSE_FO|NIFTY,19567.76,10
1767087777.9085877,NSE_FO|NIFTY,19570.34,9
1767087778.410405,NSE_FO|NIFTY,19572.32,9
1767087778.9258456,NSE_FO|NIFTY,19571.78,7
1767087779.427653,NSE_FO|NIFTY,19572.09,5
1767087779.9435024,NSE_FO|NIFTY,19573.67,4
1767087780.4596856,NSE_FO|NIFTY,19574.83,9
1767087780.9612272,NSE_FO|NIFTY,19575.45,8
1767087781.4649189,NSE_FO|NIFTY,19574.58,7
1767087781.9788988,NSE_FO|NIFTY,19576.72,3
1767087782.4806318,NSE_FO|NIFTY,19577.09,3
1767087782.9838836,NSE_FO|NIFTY,19578.98,6
1767087783.4965377,NSE_FO|NIFTY,19579.08,10
1767087784.012834,NSE_FO|NIFTY,19578.98,1
1767087784.5139272,NSE_FO|NIFTY,19580.19,10
1767087785.0309672,NSE_FO|NIFTY,19581.34,2
1767087785.5328217,NSE_FO|NIFTY,19582.09,5
1767087786.0484188,NSE_FO|NIFTY,19580.54,5
1767087786.5490072,NSE_FO|NIFTY,19582.28,4
1767087787.0522377,NSE_FO|NIFTY,19581.48,4
1767087787.5528533,NSE_FO|NIFTY,19583.59,1
1767087788.0546157,NSE_FO|NIFTY,19586.08,8
1767087788.567819,NSE_FO|NIFTY,19588.25,6
1767087789.0697298,NSE_FO|NIFTY,19587.19,9
1767087789.5708709,NSE_FO|NIFTY,19587.98,10
1767087790.072323,NSE_FO|NIFTY,19590.53,8
1767087790.5869043,NSE_FO|NIFTY,19593.53,6
1767087791.1008186,NSE_FO|NIFTY,19591.79,9
1767087791.6024506,NSE_FO|NIFTY,19594.0,7
1767087792.118201,NSE_FO|NIFTY,19592.12,8
1767087792.6218522,NSE_FO|NIFTY,19590.84,5
1767087793.137487,NSE_FO|NIFTY,19592.94,10
1767087793.6394966,NSE_FO|NIFTY,19590.96,7
1767087794.1530569,NSE_FO|NIFTY,19589.67,10
1767087794.6560721,NSE_FO|NIFTY,19588.87,5
1767087795.157678,NSE_FO|NIFTY,19589.02,7
1767087795.6737847,NSE_FO|NIFTY,19588.16,7
1767087796.1900768,NSE_FO|NIFTY,19590.08,10
1767087796.6913924,NSE_FO|NIFTY,19589.91,1
1767087797.207063,NSE_FO|NIFTY,19588.43,3
1767087797.7084653,NSE_FO|NIFTY,19591.39,5
1767087798.2238178,NSE_FO|NIFTY,19594.32,7
1767087798.7250175,NSE_FO|NIFTY,19596.14,1
1767087799.234181,NSE_FO|NIFTY,19597.05,8
1767087799.740513,NSE_FO|NIFTY,19596.62,6
1767087800.2559762,NSE_FO|NIFTY,19599.02,1
1767087800.7622588,NSE_FO|NIFTY,19599.79,5
1767087801.2787905,NSE_FO|NIFTY,19598.37,3
1767087801.7827911,NSE_FO|NIFTY,19598.71,9
1767087802.2951553,NSE_FO|NIFTY,19599.5,7
1767087802.7984188,NSE_FO|NIFTY,19599.14,4
1767087803.3141289,NSE_FO|NIFTY,19601.41,5
1767087803.8294177,NSE_FO|NIFTY,19601.62,7
1767087804.3321974,NSE_FO|NIFTY,19600.63,10
1767087804.846606,NSE_FO|NIFTY,19602.44,2
1767087805.3481631,NSE_FO|NIFTY,19605.24,8
1767087805.8496587,NSE_FO|NIFTY,19606.7,9
1767087806.3519301,NSE_FO|NIFTY,19609.19,9
1767087806.8650827,NSE_FO|NIFTY,19608.82,8
1767087807.3674977,NSE_FO|NIFTY,19609.87,4
1767087807.8832462,NSE_FO|NIFTY,19611.68,1
1767087808.3852305,NSE_FO|NIFTY,19612.94,2
1767087808.900727,NSE_FO|NIFTY,19611.35,6
1767087809.4014068,NSE_FO|NIFTY,19611.56,4
1767087809.91799,NSE_FO|NIFTY,19609.7,8
1767087810.4200134,NSE_FO|NIFTY,19609.77,1
1767087810.9358058,NSE_FO|NIFTY,19610.52,8
1767087811.436763,NSE_FO|NIFTY,19609.01,8
1767087811.9518757,NSE_FO|NIFTY,19607.22,7
1767087812.4544466,NSE_FO|NIFTY,19606.12,1
1767087812.9611251,NSE_FO|NIFTY,19605.27,3
1767087813.4714699,NSE_FO|NIFTY,19605.76,2
1767087813.9876757,NSE_FO|NIFTY,19607.94,6
1767087814.4895487,NSE_FO|NIFTY,19607.55,10
1767087814.9914386,NSE_FO|NIFTY,19608.3,8
1767087815.49623,NSE_FO|NIFTY,19610.59,6
1767087816.011342,NSE_FO|NIFTY,19611.65,5
1767087816.5229669,NSE_FO|NIFTY,19611.1,1
1767087817.024601,NSE_FO|NIFTY,19609.31,10
1767087817.5282195,NSE_FO|NIFTY,19611.72,5
1767087818.036017,NSE_FO|NIFTY,19612.32,10
1767087818.5413527,NSE_FO|NIFTY,19614.31,4
1767087819.0427377,NSE_FO|NIFTY,19616.29,7
1767087819.551741,NSE_FO|NIFTY,19617.56,10
1767087820.0587316,NSE_FO|NIFTY,19616.27,7
1767087820.562427,NSE_FO|NIFTY,19615.8,7
1767087821.0649512,NSE_FO|NIFTY,19615.84,1
1767087821.578927,NSE_FO|NIFTY,19617.24,5
1767087822.0961187,NSE_FO|NIFTY,19616.7,2
1767087822.612854,NSE_FO|NIFTY,19618.14,10
1767087823.1140654,NSE_FO|NIFTY,19620.09,2
1767087823.6183724,NSE_FO|NIFTY,19619.45,7
1767087824.120833,NSE_FO|NIFTY,19620.82,7
1767087824.6290135,NSE_FO|NIFTY,19623.82,3
1767087825.1304998,NSE_FO|NIFTY,19625.97,4
1767087825.6456459,NSE_FO|NIFTY,19625.93,10
1767087826.1485555,NSE_FO|NIFTY,19626.52,9
1767087951.3744695,NSE_FO|NIFTY,19503.02,1
1767087951.8885114,NSE_FO|NIFTY,19504.09,6
1767087952.4011233,NSE_FO|NIFTY,19502.94,4
1767087952.90906,NSE_FO|NIFTY,19504.96,7
1767087953.422395,NSE_FO|NIFTY,19505.36,10
1767087953.9359865,NSE_FO|NIFTY,19507.23,9
1767087954.4437323,NSE_FO|NIFTY,19506.15,1
1767087954.9530923,NSE_FO|NIFTY,19506.98,9
1767087955.4561331,NSE_FO|NIFTY,19505.62,5
1767087955.9660287,NSE_FO|NIFTY,19504.11,1
1767087956.477414,NSE_FO|NIFTY,19505.11,4
1767087956.9884794,NSE_FO|NIFTY,19507.85,1
1767087957.5035565,NSE_FO|NIFTY,19508.59,3
1767087958.0076835,NSE_FO|NIFTY,19507.72,9
1767087958.5235386,NSE_FO|NIFTY,19506.41,2
1767087959.0384932,NSE_FO|NIFTY,19508.96,9
1767087959.5419965,NSE_FO|NIFTY,19507.32,3
1767087960.0494392,NSE_FO|NIFTY,19506.55,4
1767087960.5548863,NSE_FO|NIFTY,19507.93,2
1767087961.0589483,NSE_FO|NIFTY,19506.88,1
1767087961.5673645,NSE_FO|NIFTY,19509.79,10
1767087962.0747685,NSE_FO|NIFTY,19508.48,8
1767087962.5786717,NSE_FO|NIFTY,19506.87,7
1767087963.088165,NSE_FO|NIFTY,19505.47,2
1767087963.599654,NSE_FO|NIFTY,19504.72,9
1767087964.1103995,NSE_FO|NIFTY,19503.02,10
1767087964.620235,NSE_FO|NIFTY,19505.49,5
1767087965.1292758,NSE_FO|NIFTY,19508.27,2
1767087965.6533523,NSE_FO|NIFTY,19508.34,10
1767087966.1561458,NSE_FO|NIFTY,19511.04,7
1767087966.6642737,NSE_FO|NIFTY,19513.56,1
1767087967.18177,NSE_FO|NIFTY,19515.72,3
1767087967.6989067,NSE_FO|NIFTY,19513.72,1
1767087968.2052991,NSE_FO|NIFTY,19515.21,3
1767087968.7135012,NSE_FO|NIFTY,19517.95,9
1767087969.2178195,NSE_FO|NIFTY,19516.63,1
1767087969.7348578,NSE_FO|NIFTY,19518.71,2
1767087970.2375274,NSE_FO|NIFTY,19518.62,5
1767087970.749988,NSE_FO|NIFTY,19516.86,7
1767087971.267386,NSE_FO|NIFTY,19514.9,10
1767087971.7823937,NSE_FO|NIFTY,19517.41,7
1767087972.2969344,NSE_FO|NIFTY,19519.45,7
1767087972.802935,NSE_FO|NIFTY,19521.69,1
1767087973.3213143,NSE_FO|NIFTY,19519.72,6
1767087974.4643269,NSE_FO|NIFTY,19520.89,5
1767087975.2474763,NSE_FO|NIFTY,19520.29,6
1767087975.8247778,NSE_FO|NIFTY,19520.58,10
1767087976.3409042,NSE_FO|NIFTY,19518.69,7
1767087976.8591113,NSE_FO|NIFTY,19518.57,2
1767087977.3854136,NSE_FO|NIFTY,19517.25,2
1767087978.1822126,NSE_FO|NIFTY,19519.45,7
1767087978.7081728,NSE_FO|NIFTY,19519.24,2
1767087979.2116556,NSE_FO|NIFTY,19520.1,6
1767087979.7248886,NSE_FO|NIFTY,19520.59,10
1767087980.2370827,NSE_FO|NIFTY,19520.46,5
1767087980.7443542,NSE_FO|NIFTY,19520.9,1
1767087981.2598898,NSE_FO|NIFTY,19520.88,8
1767087981.7762353,NSE_FO|NIFTY,19519.68,2
1767087982.2786007,NSE_FO|NIFTY,19519.82,6
1767087982.7941732,NSE_FO|NIFTY,19518.18,4
1767087983.296698,NSE_FO|NIFTY,19517.51,6
1767087983.810588,NSE_FO|NIFTY,19516.81,9
1767087984.3144202,NSE_FO|NIFTY,19515.99,9
1767087984.8201807,NSE_FO|NIFTY,19516.89,7
1767087985.336459,NSE_FO|NIFTY,19516.75,3
1767087986.1069775,NSE_FO|NIFTY,19517.95,8
1767087986.7703822,NSE_FO|NIFTY,19518.79,8
1767087987.272728,NSE_FO|NIFTY,19520.1,5
1767087987.7756324,NSE_FO|NIFTY,19523.02,9
1767087988.2870502,NSE_FO|NIFTY,19523.23,7
1767087988.799995,NSE_FO|NIFTY,19522.62,9
1767087989.3176265,NSE_FO|NIFTY,19524.96,2
1767087989.8223286,NSE_FO|NIFTY,19524.86,2
1767087990.3346794,NSE_FO|NIFTY,19524.55,5
1767087990.8522768,NSE_FO|NIFTY,19526.31,7
1767087991.3684735,NSE_FO|NIFTY,19526.7,3
1767087991.8757389,NSE_FO|NIFTY,19528.77,5
1767087992.3785555,NSE_FO|NIFTY,19528.73,2
1767087992.8928723,NSE_FO|NIFTY,19530.7,8
1767087993.4001305,NSE_FO|NIFTY,19531.13,6
1767087994.0658963,NSE_FO|NIFTY,19529.74,1
1767087994.6617692,NSE_FO|NIFTY,19528.52,9
1767087995.1754992,NSE_FO|NIFTY,19528.71,10
1767087995.6942303,NSE_FO|NIFTY,19527.5,2
1767087996.5668452,NSE_FO|NIFTY,19529.68,7
1767087997.3895957,NSE_FO|NIFTY,19530.5,8
1767087998.1113565,NSE_FO|NIFTY,19530.17,9
1767087998.8240354,NSE_FO|NIFTY,19528.89,10
1767087999.4413755,NSE_FO|NIFTY,19530.28,9
1767087999.97711,NSE_FO|NIFTY,19529.22,6
1767088000.488173,NSE_FO|NIFTY,19527.5,2
1767088000.991299,NSE_FO|NIFTY,19529.57,5
1767088001.4965534,NSE_FO|NIFTY,19529.19,3
1767088001.999787,NSE_FO|NIFTY,19528.82,2
1767088002.50854,NSE_FO|NIFTY,19531.42,3
1767088003.0225306,NSE_FO|NIFTY,19529.48,3
1767088003.5251877,NSE_FO|NIFTY,19529.8,3
1767088004.0282717,NSE_FO|NIFTY,19529.47,8
1767088004.5377424,NSE_FO|NIFTY,19531.0,5
1767088005.05376,NSE_FO|NIFTY,19529.45,10
1767088005.5572538,NSE_FO|NIFTY,19530.85,3
1767088006.0598977,NSE_FO|NIFTY,19529.35,5
1767088006.568372,NSE_FO|NIFTY,19527.91,10
1767088007.0736127,NSE_FO|NIFTY,19529.01,8
1767088007.5782592,NSE_FO|NIFTY,19528.4,5
1767088008.0944352,NSE_FO|NIFTY,19529.47,1
1767088008.6107304,NSE_FO|NIFTY,19528.53,1
1767088009.1185944,NSE_FO|NIFTY,19529.01,8
1767088009.6284251,NSE_FO|NIFTY,19529.71,1
1767088010.1343534,NSE_FO|NIFTY,19531.63,7
1767088010.6427162,NSE_FO|NIFTY,19534.5,1
1767088011.1520908,NSE_FO|NIFTY,19534.45,1
1767088011.6650097,NSE_FO|NIFTY,19532.89,2
1767088012.1702423,NSE_FO|NIFTY,19535.04,1
1767088012.6747265,NSE_FO|NIFTY,19537.48,8
1767088013.1856906,NSE_FO|NIFTY,19538.57,9
1767088013.6878185,NSE_FO|NIFTY,19538.77,4
1767088014.2023013,NSE_FO|NIFTY,19536.94,3
1767088014.7194474,NSE_FO|NIFTY,19538.1,7
1767088015.2214787,NSE_FO|NIFTY,19537.38,6
1767088015.7340508,NSE_FO|NIFTY,19538.04,7
1767088016.236132,NSE_FO|NIFTY,19539.47,4
1767088016.7512279,NSE_FO|NIFTY,19540.46,5
1767088017.2551303,NSE_FO|NIFTY,19541.08,7
1767088017.768447,NSE_FO|NIFTY,19542.99,2
1767088018.2701397,NSE_FO|NIFTY,19542.12,6
1767088018.773234,NSE_FO|NIFTY,19541.33,10
1767088019.2778773,NSE_FO|NIFTY,19541.99,1
1767088019.7905629,NSE_FO|NIFTY,19542.98,6
1767088020.3053555,NSE_FO|NIFTY,19545.26,10
1767088020.8088603,NSE_FO|NIFTY,19544.58,10
1767088021.3190365,NSE_FO|NIFTY,19543.98,3
1767088021.8229172,NSE_FO|NIFTY,19545.84,7
1767088022.3380945,NSE_FO|NIFTY,19544.83,3
1767088022.8468862,NSE_FO|NIFTY,19547.8,3
1767088023.3613563,NSE_FO|NIFTY,19546.91,7
1767088023.8739583,NSE_FO|NIFTY,19545.56,3
1767088024.3779774,NSE_FO|NIFTY,19548.22,3
1767088024.891703,NSE_FO|NIFTY,19548.04,9
1767088025.3961644,NSE_FO|NIFTY,19547.6,3
1767088025.8986516,NSE_FO|NIFTY,19548.65,2
1767088026.4120936,NSE_FO|NIFTY,19547.54,1
1767088026.9150915,NSE_FO|NIFTY,19549.31,8
1767088027.420567,NSE_FO|NIFTY,19550.28,2
1767088027.9259927,NSE_FO|NIFTY,19550.71,10
1767088028.4297671,NSE_FO|NIFTY,19548.77,1
1767088028.9331741,NSE_FO|NIFTY,19547.46,7
1767088029.4416652,NSE_FO|NIFTY,19548.86,10
1767088029.9473398,NSE_FO|NIFTY,19547.02,8
1767088030.4612002,NSE_FO|NIFTY,19546.63,1
1767088030.965912,NSE_FO|NIFTY,19547.16,5
1767088031.4825926,NSE_FO|NIFTY,19548.08,1
1767088031.98662,NSE_FO|NIFTY,19550.81,1
1767088032.5020015,NSE_FO|NIFTY,19552.94,6
1767088033.0187995,NSE_FO|NIFTY,19551.67,1
1767088033.5317156,NSE_FO|NIFTY,19550.35,6
1767088034.0375936,NSE_FO|NIFTY,19551.03,5
1767088034.5525541,NSE_FO|NIFTY,19551.82,4
1767088035.0659785,NSE_FO|NIFTY,19552.12,6
1767088035.5710046,NSE_FO|NIFTY,19551.21,5
1767088036.0740879,NSE_FO|NIFTY,19552.19,4
1767088036.584082,NSE_FO|NIFTY,19550.21,1
1767088037.096476,NSE_FO|NIFTY,19550.18,5
1767088037.6012287,NSE_FO|NIFTY,19549.97,6
1767088038.1158977,NSE_FO|NIFTY,19549.3,5
1767088038.6234446,NSE_FO|NIFTY,19548.11,10
1767088039.1245341,NSE_FO|NIFTY,19550.54,5
1767088039.630192,NSE_FO|NIFTY,19550.82,5
1767088040.141023,NSE_FO|NIFTY,19551.32,3
1767088040.6580322,NSE_FO|NIFTY,19552.3,7
1767088041.1612055,NSE_FO|NIFTY,19551.81,3
1767088041.6729403,NSE_FO|NIFTY,19550.16,10
1767088042.1866927,NSE_FO|NIFTY,19550.41,3
1767088042.6928828,NSE_FO|NIFTY,19552.7,7
1767088043.206773,NSE_FO|NIFTY,19553.46,4
1767088043.70902,NSE_FO|NIFTY,19555.7,10
1767088044.2133136,NSE_FO|NIFTY,19557.49,10
1767088044.7214997,NSE_FO|NIFTY,19555.83,6
1767088045.2273786,NSE_FO|NIFTY,19555.61,7
1767088045.7313783,NSE_FO|NIFTY,19555.54,9
1767088046.2382255,NSE_FO|NIFTY,19554.23,7
1767088046.746951,NSE_FO|NIFTY,19553.02,1
1767088047.2565916,NSE_FO|NIFTY,19555.44,10
1767088047.765069,NSE_FO|NIFTY,19557.64,9
1767088048.2810762,NSE_FO|NIFTY,19556.51,10
1767088048.7972908,NSE_FO|NIFTY,19559.17,3
1767088049.2990835,NSE_FO|NIFTY,19560.29,7
1767088049.8076398,NSE_FO|NIFTY,19558.77,4
1767088050.3157508,NSE_FO|NIFTY,19558.0,4
1767088050.8223631,NSE_FO|NIFTY,19559.62,6
1767088051.334386,NSE_FO|NIFTY,19559.69,8
1767088051.8471398,NSE_FO|NIFTY,19559.84,10
1767088052.3486977,NSE_FO|NIFTY,19559.9,7
1767088052.8508346,NSE_FO|NIFTY,19558.19,5
1767088053.3599641,NSE_FO|NIFTY,19561.08,2
1767088053.8667846,NSE_FO|NIFTY,19560.6,4
1767088054.3736706,NSE_FO|NIFTY,19561.22,1
1767088054.8885057,NSE_FO|NIFTY,19560.08,9
1767088055.4042463,NSE_FO|NIFTY,19560.95,7
1767088055.9153275,NSE_FO|NIFTY,19563.76,5
1767088056.4308162,NSE_FO|NIFTY,19561.9,7
1767088056.9384234,NSE_FO|NIFTY,19562.04,10
1767088057.442812,NSE_FO|NIFTY,19564.23,8
1767088057.9511068,NSE_FO|NIFTY,19564.97,2
1767088058.4579747,NSE_FO|NIFTY,19567.67,7
1767088058.9620626,NSE_FO|NIFTY,19567.93,9
1767088059.4638293,NSE_FO|NIFTY,19569.56,3
1767088059.9695482,NSE_FO|NIFTY,19568.98,9
1767088060.474153,NSE_FO|NIFTY,19568.8,4
1767088060.984327,NSE_FO|NIFTY,19568.12,5
1767088061.4990563,NSE_FO|NIFTY,19569.18,10
1767088062.0113246,NSE_FO|NIFTY,19568.95,7
1767088062.5268195,NSE_FO|NIFTY,19571.83,4
1767088063.0410087,NSE_FO|NIFTY,19571.69,1
1767088063.544558,NSE_FO|NIFTY,19573.99,9
1767088064.046157,NSE_FO|NIFTY,19575.31,4
1767088064.5582516,NSE_FO|NIFTY,19578.19,9
1767088065.0638955,NSE_FO|NIFTY,19578.73,1
1767088065.5723035,NSE_FO|NIFTY,19578.38,5
1767088066.0855227,NSE_FO|NIFTY,19580.62,1
1767088066.5896268,NSE_FO|NIFTY,19579.06,9
1767088067.1022208,NSE_FO|NIFTY,19580.99,6
1767088067.6104977,NSE_FO|NIFTY,19579.24,5
1767088068.1275237,NSE_FO|NIFTY,19580.27,3
1767088068.632562,NSE_FO|NIFTY,19580.2,10
1767088069.1349564,NSE_FO|NIFTY,19578.3,1
1767088069.6392248,NSE_FO|NIFTY,19576.61,5
1767088070.145751,NSE_FO|NIFTY,19578.97,4
1767088070.6512635,NSE_FO|NIFTY,19580.53,7
1767088071.1639743,NSE_FO|NIFTY,19579.94,6
1767088071.6694434,NSE_FO|NIFTY,19578.68,6
1767088072.1853485,NSE_FO|NIFTY,19577.46,4
1767088072.698574,NSE_FO|NIFTY,19578.26,4
1767088073.2014806,NSE_FO|NIFTY,19579.91,5
1767088073.7137618,NSE_FO|NIFTY,19578.79,8
1767088074.2174323,NSE_FO|NIFTY,19577.38,9
1767088074.7210994,NSE_FO|NIFTY,19580.36,2
1767088075.2220151,NSE_FO|NIFTY,19582.75,10
1767088075.72414,NSE_FO|NIFTY,19582.71,1
1767088076.2251613,NSE_FO|NIFTY,19585.6,2
1767088076.7401266,NSE_FO|NIFTY,19587.51,6
1767088077.2558756,NSE_FO|NIFTY,19588.35,2
1767088077.759728,NSE_FO|NIFTY,19590.28,10
1767088078.2747843,NSE_FO|NIFTY,19592.83,2
1767088078.7851276,NSE_FO|NIFTY,19591.94,7
1767088079.2945592,NSE_FO|NIFTY,19592.02,5
1767088079.8047564,NSE_FO|NIFTY,19592.58,4
1767088080.3186083,NSE_FO|NIFTY,19592.07,8
1767088080.8249383,NSE_FO|NIFTY,19592.64,6
1767088081.3379235,NSE_FO|NIFTY,19592.7,4
1767088081.853648,NSE_FO|NIFTY,19590.95,8
1767088082.3685038,NSE_FO|NIFTY,19589.61,7
1767088082.8713038,NSE_FO|NIFTY,19591.68,9
1767088083.3803678,NSE_FO|NIFTY,19592.66,3
1767088083.8946934,NSE_FO|NIFTY,19594.83,3
1767088084.4127038,NSE_FO|NIFTY,19597.46,7
1767088084.9145308,NSE_FO|NIFTY,19600.1,5
1767088085.4284902,NSE_FO|NIFTY,19602.78,8
1767088085.9440413,NSE_FO|NIFTY,19600.96,2
1767088086.4473581,NSE_FO|NIFTY,19599.46,6
1767088086.9499507,NSE_FO|NIFTY,19598.83,6
1767088087.4545941,NSE_FO|NIFTY,19601.23,3
1767088087.9579532,NSE_FO|NIFTY,19603.94,2
1767088088.4659917,NSE_FO|NIFTY,19604.79,10
1767088088.9751806,NSE_FO|NIFTY,19604.58,5
1767088089.4895773,NSE_FO|NIFTY,19603.42,3
1767088090.0002596,NSE_FO|NIFTY,19602.24,4
1767088090.5014803,NSE_FO|NIFTY,19601.14,8
1767088091.0027044,NSE_FO|NIFTY,19602.23,9
1767088091.5219514,NSE_FO|NIFTY,19604.59,4
1767088092.0263264,NSE_FO|NIFTY,19604.93,7
1767088092.535185,NSE_FO|NIFTY,19603.42,7
1767088093.0372803,NSE_FO|NIFTY,19605.71,4
1767088093.5509942,NSE_FO|NIFTY,19607.87,3
1767088094.0529425,NSE_FO|NIFTY,19607.54,6
1767088094.556179,NSE_FO|NIFTY,19605.66,1
1767088095.0577183,NSE_FO|NIFTY,19607.7,4
1767088095.5740461,NSE_FO|NIFTY,19608.19,10
1767088096.07951,NSE_FO|NIFTY,19609.97,3
1767088096.5904868,NSE_FO|NIFTY,19611.15,3
1767088097.1017268,NSE_FO|NIFTY,19610.1,5
1767088097.6041198,NSE_FO|NIFTY,19608.7,1
1767088098.1183534,NSE_FO|NIFTY,19610.2,9
1767088098.6291325,NSE_FO|NIFTY,19612.04,1
1767088099.1313984,NSE_FO|NIFTY,19611.75,8
1767088099.6425192,NSE_FO|NIFTY,19613.3,4
1767088100.1548376,NSE_FO|NIFTY,19615.86,6
1767088100.6640966,NSE_FO|NIFTY,19618.16,6
1767088101.1797998,NSE_FO|NIFTY,19617.06,10
1767088101.6819701,NSE_FO|NIFTY,19615.11,5
1767088102.1969721,NSE_FO|NIFTY,19614.23,7
1767088102.7061377,NSE_FO|NIFTY,19614.1,2
1767088103.2213993,NSE_FO|NIFTY,19612.17,3
1767088103.7345362,NSE_FO|NIFTY,19612.92,9
1767088104.241938,NSE_FO|NIFTY,19611.99,2
1767088104.7468882,NSE_FO|NIFTY,19614.22,1
1767088105.2556462,NSE_FO|NIFTY,19615.99,4
1767088105.7682679,NSE_FO|NIFTY,19614.54,4
1767088106.274314,NSE_FO|NIFTY,19616.73,3
1767088106.790556,NSE_FO|NIFTY,19615.1,5
1767088107.3063982,NSE_FO|NIFTY,19615.4,8
1767088107.823016,NSE_FO|NIFTY,19613.86,8
1767088108.339171,NSE_FO|NIFTY,19612.19,10
1767088108.8557756,NSE_FO|NIFTY,19613.65,1
1767088109.368246,NSE_FO|NIFTY,19613.61,3
1767088109.872044,NSE_FO|NIFTY,19612.32,1
1767088110.3877468,NSE_FO|NIFTY,19615.02,4
1767088110.903292,NSE_FO|NIFTY,19614.86,2
1767088111.4149644,NSE_FO|NIFTY,19614.9,4
1767088111.9292154,NSE_FO|NIFTY,19613.71,1
1767088112.4390566,NSE_FO|NIFTY,19615.88,3
1767088112.943963,NSE_FO|NIFTY,19614.44,10
1767088113.4534633,NSE_FO|NIFTY,19612.63,3
1767088113.9550633,NSE_FO|NIFTY,19610.7,5
1767088114.466519,NSE_FO|NIFTY,19612.42,2
1767088114.9705715,NSE_FO|NIFTY,19614.13,10
1767088115.4852211,NSE_FO|NIFTY,19613.54,7
1767088115.996585,NSE_FO|NIFTY,19612.61,3
1767088116.5129166,NSE_FO|NIFTY,19611.15,8
1767088117.0257065,NSE_FO|NIFTY,19613.01,8
1767088117.5273535,NSE_FO|NIFTY,19613.38,5
1767088118.030271,NSE_FO|NIFTY,19613.55,9
1767088118.536781,NSE_FO|NIFTY,19615.63,5
1767088119.0474849,NSE_FO|NIFTY,19617.67,3
1767088119.5584176,NSE_FO|NIFTY,19615.68,1
1767088120.0620008,NSE_FO|NIFTY,19615.67,8
1767088120.564442,NSE_FO|NIFTY,19617.27,5
1767088121.0771022,NSE_FO|NIFTY,19617.65,3
1767088121.5906346,NSE_FO|NIFTY,19618.49,4
1767088122.1024683,NSE_FO|NIFTY,19620.18,3
1767088122.6152053,NSE_FO|NIFTY,19622.82,9
1767088123.1304905,NSE_FO|NIFTY,19621.95,7
1767088123.634214,NSE_FO|NIFTY,19624.94,10
1767088124.1464953,NSE_FO|NIFTY,19626.34,10
1767088124.6604185,NSE_FO|NIFTY,19628.47,3
1767088125.1733503,NSE_FO|NIFTY,19630.13,5
1767088125.6838071,NSE_FO|NIFTY,19629.53,7
1767088126.1941743,NSE_FO|NIFTY,19629.89,4
1767088126.6968546,NSE_FO|NIFTY,19628.24,6
1767088127.2106252,NSE_FO|NIFTY,19627.94,7
1767088127.7203214,NSE_FO|NIFTY,19630.82,7
1767088128.2291887,NSE_FO|NIFTY,19629.65,9
1767088128.7311356,NSE_FO|NIFTY,19629.44,4
1767088129.2324643,NSE_FO|NIFTY,19628.61,5
1767088129.7450984,NSE_FO|NIFTY,19626.97,6
1767088130.2464244,NSE_FO|NIFTY,19625.69,2
1767088130.7628124,NSE_FO|NIFTY,19624.15,1
1767088131.2640898,NSE_FO|NIFTY,19625.87,6
1767088131.7758574,NSE_FO|NIFTY,19626.51,2
1767088132.292376,NSE_FO|NIFTY,19625.39,3
1767088132.806233,NSE_FO|NIFTY,19627.53,4
1767088133.3213627,NSE_FO|NIFTY,19630.32,6
1767088133.8373935,NSE_FO|NIFTY,19631.56,10
1767088134.3534923,NSE_FO|NIFTY,19631.86,3
1767088134.8693824,NSE_FO|NIFTY,19631.02,3
1767088135.3831053,NSE_FO|NIFTY,19629.98,6
1767088135.8999434,NSE_FO|NIFTY,19631.06,8
1767088136.4144495,NSE_FO|NIFTY,19630.23,1
1767088136.9184933,NSE_FO|NIFTY,19633.2,1
1767088137.4341686,NSE_FO|NIFTY,19631.52,6
1767088137.934891,NSE_FO|NIFTY,19630.62,5
1767088138.4437544,NSE_FO|NIFTY,19630.63,10
1767088138.9445283,NSE_FO|NIFTY,19630.23,3
1767088139.4504356,NSE_FO|NIFTY,19630.0,2
1767088139.9617174,NSE_FO|NIFTY,19632.96,5
1767088140.4624815,NSE_FO|NIFTY,19633.42,4
1767088140.9741693,NSE_FO|NIFTY,19632.89,8
1767088141.4805396,NSE_FO|NIFTY,19631.57,5
1767088141.994605,NSE_FO|NIFTY,19630.07,10
1767088142.5001867,NSE_FO|NIFTY,19628.64,6
1767088143.01534,NSE_FO|NIFTY,19628.84,10
1767088143.5179713,NSE_FO|NIFTY,19628.12,8
1767088144.029179,NSE_FO|NIFTY,19627.16,9
1767088144.5412955,NSE_FO|NIFTY,19629.02,2
1767088145.0482264,NSE_FO|NIFTY,19629.84,1
1767088145.558233,NSE_FO|NIFTY,19632.75,8
1767088146.071234,NSE_FO|NIFTY,19630.89,2
1767088146.5731149,NSE_FO|NIFTY,19633.76,10
1767088147.0806472,NSE_FO|NIFTY,19631.89,3
1767088147.5821242,NSE_FO|NIFTY,19631.67,2
1767088148.0968626,NSE_FO|NIFTY,19632.49,10
1767088148.6102028,NSE_FO|NIFTY,19631.47,8
1767088149.1234484,NSE_FO|NIFTY,19632.0,3
1767088149.6399047,NSE_FO|NIFTY,19630.74,8
1767088150.1498334,NSE_FO|NIFTY,19633.5,10
1767088150.6660416,NSE_FO|NIFTY,19635.52,1
1767088151.181517,NSE_FO|NIFTY,19638.41,9
1767088151.6965148,NSE_FO|NIFTY,19640.35,6
1767088152.2119443,NSE_FO|NIFTY,19640.92,6
1767088152.7264426,NSE_FO|NIFTY,19643.11,2
1767088153.2382708,NSE_FO|NIFTY,19642.63,3
1767088153.7392378,NSE_FO|NIFTY,19643.23,4
1767088154.2415893,NSE_FO|NIFTY,19644.92,6
1767088154.7557728,NSE_FO|NIFTY,19647.44,9
1767088155.2709236,NSE_FO|NIFTY,19649.62,4
1767088155.786635,NSE_FO|NIFTY,19652.11,10
1767088156.3034678,NSE_FO|NIFTY,19653.81,4
1767088156.8054576,NSE_FO|NIFTY,19653.03,10
1767088157.3072548,NSE_FO|NIFTY,19652.37,7
1767088157.8204298,NSE_FO|NIFTY,19654.51,5
1767088158.335142,NSE_FO|NIFTY,19653.86,8
1767088158.8507538,NSE_FO|NIFTY,19653.27,4
1767088159.3642917,NSE_FO|NIFTY,19654.85,1
1767088159.8725543,NSE_FO|NIFTY,19656.43,9
1767088160.386007,NSE_FO|NIFTY,19658.74,1
1767088160.901439,NSE_FO|NIFTY,19661.48,6
1767088161.4163516,NSE_FO|NIFTY,19663.74,6
1767088161.9316905,NSE_FO|NIFTY,19662.16,4
1767088162.438514,NSE_FO|NIFTY,19664.94,9
1767088162.952409,NSE_FO|NIFTY,19663.02,10
1767088163.4556296,NSE_FO|NIFTY,19665.7,10
1767088163.9567149,NSE_FO|NIFTY,19666.12,10
1767088164.457919,NSE_FO|NIFTY,19668.19,6
1767088164.9664462,NSE_FO|NIFTY,19670.65,6
1767088165.4754083,NSE_FO|NIFTY,19669.06,7
1767088165.9896383,NSE_FO|NIFTY,19671.37,1
1767088166.5033565,NSE_FO|NIFTY,19671.15,4
1767088167.0178356,NSE_FO|NIFTY,19673.7,4
1767088167.5193954,NSE_FO|NIFTY,19673.7,1
1767088168.0221968,NSE_FO|NIFTY,19675.89,2
1767088168.5364172,NSE_FO|NIFTY,19675.24,5
1767088169.0497873,NSE_FO|NIFTY,19673.71,7
1767088169.551123,NSE_FO|NIFTY,19676.2,6
1767088170.0536425,NSE_FO|NIFTY,19676.14,1
1767088170.5559666,NSE_FO|NIFTY,19679.07,5
1767088171.0682561,NSE_FO|NIFTY,19679.36,3
1767088171.5712328,NSE_FO|NIFTY,19681.63,3
1767088172.0734441,NSE_FO|NIFTY,19681.67,7
1767088172.5850677,NSE_FO|NIFTY,19684.03,4
1767088173.091119,NSE_FO|NIFTY,19683.73,10
1767088173.6070805,NSE_FO|NIFTY,19686.55,2
1767088174.1084538,NSE_FO|NIFTY,19688.89,6
1767088174.6187716,NSE_FO|NIFTY,19691.17,6
1767088175.1342561,NSE_FO|NIFTY,19692.28,2
1767088175.6471827,NSE_FO|NIFTY,19692.36,5
1767088176.16042,NSE_FO|NIFTY,19693.32,9
1767088176.6764164,NSE_FO|NIFTY,19691.54,6
1767088177.1889043,NSE_FO|NIFTY,19689.58,7
1767088177.7023907,NSE_FO|NIFTY,19692.41,2
1767088178.2128434,NSE_FO|NIFTY,19693.01,7
1767088178.7279978,NSE_FO|NIFTY,19695.56,4
1767088179.2392154,NSE_FO|NIFTY,19696.91,8
1767088179.7521803,NSE_FO|NIFTY,19696.08,1
1767088180.262493,NSE_FO|NIFTY,19696.9,9
1767088180.7782683,NSE_FO|NIFTY,19697.06,3
1767088181.294236,NSE_FO|NIFTY,19699.38,2
1767088181.8047578,NSE_FO|NIFTY,19700.06,1
1767088182.3072345,NSE_FO|NIFTY,19700.61,3
1767088182.8226314,NSE_FO|NIFTY,19698.72,7
1767088183.3255374,NSE_FO|NIFTY,19697.2,5
1767088183.839547,NSE_FO|NIFTY,19699.11,9
1767088184.3526957,NSE_FO|NIFTY,19701.78,1
1767088184.857608,NSE_FO|NIFTY,19700.02,5
1767088185.3625157,NSE_FO|NIFTY,19700.91,5
1767088185.8649476,NSE_FO|NIFTY,19702.99,6
1767088186.368612,NSE_FO|NIFTY,19701.67,2
1767088186.8767905,NSE_FO|NIFTY,19701.8,2
1767088187.3914254,NSE_FO|NIFTY,19702.54,7
1767088187.8957074,NSE_FO|NIFTY,19701.83,3
1767088188.396525,NSE_FO|NIFTY,19703.0,10
1767088188.9117982,NSE_FO|NIFTY,19704.74,1
1767088189.415472,NSE_FO|NIFTY,19703.18,9
1767088189.9225082,NSE_FO|NIFTY,19703.47,1
1767088190.43117,NSE_FO|NIFTY,19705.61,2
1767088190.945178,NSE_FO|NIFTY,19704.07,6
1767088191.4570656,NSE_FO|NIFTY,19706.54,3
1767088191.9629886,NSE_FO|NIFTY,19707.4,6
1767088192.4794888,NSE_FO|NIFTY,19710.26,4
1767088192.98085,NSE_FO|NIFTY,19711.03,10
1767088193.4943306,NSE_FO|NIFTY,19713.63,5
1767088193.9992611,NSE_FO|NIFTY,19711.91,2
1767088194.508661,NSE_FO|NIFTY,19712.6,2
1767088195.0200236,NSE_FO|NIFTY,19715.3,7
1767088195.5227423,NSE_FO|NIFTY,19717.52,5
1767088196.0240316,NSE_FO|NIFTY,19718.4,1
1767088196.5273364,NSE_FO|NIFTY,19716.68,9
1767088197.037648,NSE_FO|NIFTY,19719.29,8
1767088197.5541277,NSE_FO|NIFTY,19718.61,8
1767088198.0569777,NSE_FO|NIFTY,19720.31,9
1767088198.5723064,NSE_FO|NIFTY,19722.45,8
1767088199.0742698,NSE_FO|NIFTY,19725.18,3
1767088199.5771298,NSE_FO|NIFTY,19728.15,5
1767088200.0864065,NSE_FO|NIFTY,19726.87,6
1767088200.5881855,NSE_FO|NIFTY,19726.12,8
1767088201.104894,NSE_FO|NIFTY,19724.58,6
1767088201.620462,NSE_FO|NIFTY,19723.11,3
1767088202.1228309,NSE_FO|NIFTY,19724.2,9
1767088202.6282282,NSE_FO|NIFTY,19725.35,6
1767088203.1429965,NSE_FO|NIFTY,19727.78,8
1767088203.6568441,NSE_FO|NIFTY,19730.62,2
1767088204.1614566,NSE_FO|NIFTY,19729.71,9
1767088204.670521,NSE_FO|NIFTY,19731.93,10
1767088205.1779978,NSE_FO|NIFTY,19731.51,3
1767088205.6860564,NSE_FO|NIFTY,19730.98,10
1767088206.1903868,NSE_FO|NIFTY,19731.57,9
1767088206.6944852,NSE_FO|NIFTY,19729.85,1
1767088207.2086866,NSE_FO|NIFTY,19731.08,3
1767088207.7141888,NSE_FO|NIFTY,19731.37,6
1767088208.2188513,NSE_FO|NIFTY,19734.22,6
1767088208.729846,NSE_FO|NIFTY,19735.87,10
1767088209.231285,NSE_FO|NIFTY,19735.09,4
1767088209.733584,NSE_FO|NIFTY,19737.36,6
1767088210.240751,NSE_FO|NIFTY,19737.0,6
1767088210.7467585,NSE_FO|NIFTY,19735.61,2
1767088211.2485998,NSE_FO|NIFTY,19734.61,10
1767088211.7511356,NSE_FO|NIFTY,19732.68,10
1767088212.2561285,NSE_FO|NIFTY,19733.73,9
1767088212.7676728,NSE_FO|NIFTY,19735.53,9
1767088213.278316,NSE_FO|NIFTY,19735.85,3
1767088213.7863913,NSE_FO|NIFTY,19734.47,5
1767088214.3002543,NSE_FO|NIFTY,19735.53,3
1767088214.816192,NSE_FO|NIFTY,19736.55,3
1767088215.3184946,NSE_FO|NIFTY,19736.65,3
1767088215.822945,NSE_FO|NIFTY,19737.9,3
1767088216.3272586,NSE_FO|NIFTY,19740.4,1
1767088216.8281116,NSE_FO|NIFTY,19742.7,9
1767088217.342226,NSE_FO|NIFTY,19745.5,3
1767088217.8564217,NSE_FO|NIFTY,19745.27,9
1767088218.3603292,NSE_FO|NIFTY,19744.27,8
1767088218.87114,NSE_FO|NIFTY,19742.73,1
1767088219.3754165,NSE_FO|NIFTY,19741.92,8
1767088219.8766978,NSE_FO|NIFTY,19742.85,8
1767088220.3778846,NSE_FO|NIFTY,19743.11,8
1767088220.8796325,NSE_FO|NIFTY,19743.59,9
1767088221.3909655,NSE_FO|NIFTY,19743.14,5
1767088221.893186,NSE_FO|NIFTY,19743.53,1
1767088222.407257,NSE_FO|NIFTY,19746.21,4
1767088222.9091587,NSE_FO|NIFTY,19744.21,8
1767088223.4149976,NSE_FO|NIFTY,19742.43,6
1767088223.9162364,NSE_FO|NIFTY,19742.69,3
1767088224.4271977,NSE_FO|NIFTY,19740.85,5
1767088224.9289494,NSE_FO|NIFTY,19741.42,1
1767088225.4443521,NSE_FO|NIFTY,19742.5,3
1767088225.9519458,NSE_FO|NIFTY,19744.72,8
1767088226.4533045,NSE_FO|NIFTY,19743.17,2
1767088226.9545188,NSE_FO|NIFTY,19743.86,8
1767088227.4631884,NSE_FO|NIFTY,19744.58,8
1767088227.9801543,NSE_FO|NIFTY,19746.55,4
1767088228.4970758,NSE_FO|NIFTY,19748.6,3
1767088229.0037806,NSE_FO|NIFTY,19749.33,6
1767088229.5055926,NSE_FO|NIFTY,19747.86,2
1767088230.0172508,NSE_FO|NIFTY,19749.83,9
1767088230.522593,NSE_FO|NIFTY,19750.3,7
1767088231.0333881,NSE_FO|NIFTY,19750.76,1
1767088231.5510798,NSE_FO|NIFTY,19748.83,3
1767088232.054178,NSE_FO|NIFTY,19751.71,3
1767088232.5582416,NSE_FO|NIFTY,19750.57,4
1767088233.0593877,NSE_FO|NIFTY,19753.31,4
1767088233.5686061,NSE_FO|NIFTY,19752.99,7
1767088234.0736635,NSE_FO|NIFTY,19751.36,1
1767088234.5800369,NSE_FO|NIFTY,19753.26,6
1767088235.0843458,NSE_FO|NIFTY,19754.04,5
1767088235.5885458,NSE_FO|NIFTY,19755.68,5
1767088236.1026785,NSE_FO|NIFTY,19756.55,2
1767088236.6043246,NSE_FO|NIFTY,19757.13,6
1767088237.1111157,NSE_FO|NIFTY,19758.05,9
1767088237.6221037,NSE_FO|NIFTY,19759.07,7
1767088238.1238933,NSE_FO|NIFTY,19761.25,8
1767088238.6268594,NSE_FO|NIFTY,19759.8,1
1767088239.1380677,NSE_FO|NIFTY,19761.64,9
1767088239.6393435,NSE_FO|NIFTY,19762.35,3
1767088240.1459677,NSE_FO|NIFTY,19764.47,6
1767088240.6590672,NSE_FO|NIFTY,19766.61,6
1767088241.1735394,NSE_FO|NIFTY,19765.95,9
1767088241.6774967,NSE_FO|NIFTY,19765.54,8
1767088242.191337,NSE_FO|NIFTY,19764.18,2
1767088242.706294,NSE_FO|NIFTY,19765.02,2
1767088243.2153804,NSE_FO|NIFTY,19763.43,1
1767088243.7212887,NSE_FO|NIFTY,19765.33,5
1767088244.225818,NSE_FO|NIFTY,19765.03,8
1767088244.7277865,NSE_FO|NIFTY,19764.77,6
1767088245.2402966,NSE_FO|NIFTY,19763.22,10
1767088245.75622,NSE_FO|NIFTY,19765.4,4
1767088246.2620685,NSE_FO|NIFTY,19764.17,3
1767088246.7750652,NSE_FO|NIFTY,19763.8,10
1767088247.2818086,NSE_FO|NIFTY,19764.24,7
1767088247.7971044,NSE_FO|NIFTY,19767.18,1
1767088248.3132367,NSE_FO|NIFTY,19769.61,4
1767088248.8285525,NSE_FO|NIFTY,19771.67,9
1767088249.329619,NSE_FO|NIFTY,19772.28,3
1767088249.83296,NSE_FO|NIFTY,19772.22,7
1767088250.3483741,NSE_FO|NIFTY,19774.8,1
1767088250.8492372,NSE_FO|NIFTY,19773.82,1
1767088251.3512423,NSE_FO|NIFTY,19772.55,3
1767088251.8665822,NSE_FO|NIFTY,19770.88,5
1767088252.3738286,NSE_FO|NIFTY,19769.48,7
1767088252.8768337,NSE_FO|NIFTY,19771.48,6
1767088253.3860557,NSE_FO|NIFTY,19773.39,9
1767088253.8956218,NSE_FO|NIFTY,19772.16,4
1767088254.4024243,NSE_FO|NIFTY,19770.76,2
1767088254.9198415,NSE_FO|NIFTY,19770.93,3
1767088255.4227583,NSE_FO|NIFTY,19771.78,7
1767088255.9362738,NSE_FO|NIFTY,19774.02,7
1767088256.4380033,NSE_FO|NIFTY,19775.85,10
1767088256.9400556,NSE_FO|NIFTY,19775.82,10
1767088257.4437978,NSE_FO|NIFTY,19775.39,6
1767088257.9535275,NSE_FO|NIFTY,19776.65,2
1767088258.4553833,NSE_FO|NIFTY,19778.1,7
1767088258.9617553,NSE_FO|NIFTY,19776.75,2
1767088259.4625475,NSE_FO|NIFTY,19779.42,7
1767088259.9753792,NSE_FO|NIFTY,19779.67,7
1767088260.4914188,NSE_FO|NIFTY,19780.17,6
1767088261.0077093,NSE_FO|NIFTY,19779.4,4
1767088261.51203,NSE_FO|NIFTY,19781.28,6
1767088262.0140953,NSE_FO|NIFTY,19782.12,4
1767088262.5153708,NSE_FO|NIFTY,19782.14,5
1767088263.0271127,NSE_FO|NIFTY,19783.15,8
1767088263.541312,NSE_FO|NIFTY,19784.52,4
1767088264.0428982,NSE_FO|NIFTY,19786.07,7
1767088264.545577,NSE_FO|NIFTY,19786.29,1
1767088265.0492184,NSE_FO|NIFTY,19785.74,5
1767088265.5510592,NSE_FO|NIFTY,19788.11,6
1767088266.0575297,NSE_FO|NIFTY,19788.8,3
1767088266.5641246,NSE_FO|NIFTY,19790.91,8
1767088267.0686717,NSE_FO|NIFTY,19791.31,5
1767088267.5792136,NSE_FO|NIFTY,19790.88,9
1767088268.083696,NSE_FO|NIFTY,19792.93,5
1767088268.596485,NSE_FO|NIFTY,19795.26,6
1767088269.0993583,NSE_FO|NIFTY,19795.45,5
1767088269.615132,NSE_FO|NIFTY,19797.53,7
1767088270.1326716,NSE_FO|NIFTY,19796.59,2
1767088270.6480405,NSE_FO|NIFTY,19797.49,8
1767088271.1514394,NSE_FO|NIFTY,19797.94,2
1767088271.6674278,NSE_FO|NIFTY,19798.81,2
1767088272.182838,NSE_FO|NIFTY,19800.88,9
1767088272.6983552,NSE_FO|NIFTY,19800.55,7
1767088273.2004726,NSE_FO|NIFTY,19801.1,4
1767088273.7149115,NSE_FO|NIFTY,19802.59,4
1767088274.2181475,NSE_FO|NIFTY,19801.66,5
1767088274.731591,NSE_FO|NIFTY,19800.45,9
1767088275.2467878,NSE_FO|NIFTY,19800.0,6
1767088275.7512205,NSE_FO|NIFTY,19800.03,8
1767088276.2526684,NSE_FO|NIFTY,19801.25,7
1767088276.7552507,NSE_FO|NIFTY,19801.52,3
1767088277.2629263,NSE_FO|NIFTY,19803.77,10
1767088277.7692006,NSE_FO|NIFTY,19804.16,5
1767088278.2714605,NSE_FO|NIFTY,19804.82,8
1767088278.7732122,NSE_FO|NIFTY,19806.33,10
1767088279.287126,NSE_FO|NIFTY,19806.31,1
1767088279.7984412,NSE_FO|NIFTY,19806.34,1
1767088280.3078234,NSE_FO|NIFTY,19808.27,2
1767088280.8230178,NSE_FO|NIFTY,19808.21,10
1767088281.3268242,NSE_FO|NIFTY,19810.12,2
1767088281.8292878,NSE_FO|NIFTY,19811.05,3
1767088282.3423193,NSE_FO|NIFTY,19813.02,4
1767088282.8465228,NSE_FO|NIFTY,19813.8,6
1767088283.3587112,NSE_FO|NIFTY,19815.04,8
1767088283.8733246,NSE_FO|NIFTY,19814.37,8
1767088284.3775826,NSE_FO|NIFTY,19814.3,8
1767088284.886768,NSE_FO|NIFTY,19812.74,3
1767088285.3950844,NSE_FO|NIFTY,19813.98,3
1767088285.912082,NSE_FO|NIFTY,19815.26,9
1767088286.4143403,NSE_FO|NIFTY,19816.44,6
1767088286.9160466,NSE_FO|NIFTY,19815.36,3
1767088287.4294813,NSE_FO|NIFTY,19817.52,6
1767088287.9466074,NSE_FO|NIFTY,19817.37,10
1767088288.4520743,NSE_FO|NIFTY,19819.97,10
1767088288.956052,NSE_FO|NIFTY,19820.7,7
1767088289.4658322,NSE_FO|NIFTY,19820.75,7
1767088289.9820971,NSE_FO|NIFTY,19820.29,6
1767088290.4846199,NSE_FO|NIFTY,19822.02,9
1767088291.0004027,NSE_FO|NIFTY,19824.38,5
1767088291.5172682,NSE_FO|NIFTY,19827.34,2
1767088292.024964,NSE_FO|NIFTY,19830.24,3
1767088292.530969,NSE_FO|NIFTY,19829.04,10
1767088293.0331476,NSE_FO|NIFTY,19830.43,8
1767088293.535521,NSE_FO|NIFTY,19828.66,5
1767088294.0493305,NSE_FO|NIFTY,19831.15,4
1767088294.552162,NSE_FO|NIFTY,19833.05,6
1767088295.0541923,NSE_FO|NIFTY,19832.36,7
1767088295.5640793,NSE_FO|NIFTY,19834.99,6
1767088296.071498,NSE_FO|NIFTY,19836.23,5
1767088296.5729198,NSE_FO|NIFTY,19835.52,3
1767088297.0743716,NSE_FO|NIFTY,19834.79,2
1767088297.5756571,NSE_FO|NIFTY,19835.24,3
1767088298.0912652,NSE_FO|NIFTY,19834.6,9
1767088298.6047819,NSE_FO|NIFTY,19837.12,5
1767088299.1147902,NSE_FO|NIFTY,19835.42,7
1767088299.6234767,NSE_FO|NIFTY,19833.89,2
1767088300.1256194,NSE_FO|NIFTY,19834.48,8
1767088300.641837,NSE_FO|NIFTY,19834.67,8
1767088301.1447356,NSE_FO|NIFTY,19833.04,2
1767088301.6563413,NSE_FO|NIFTY,19833.77,10
1767088302.1714287,NSE_FO|NIFTY,19833.64,8
1767088302.6737003,NSE_FO|NIFTY,19832.16,8
1767088303.1763306,NSE_FO|NIFTY,19834.65,3
1767088303.6875978,NSE_FO|NIFTY,19835.85,3
1767088304.1925516,NSE_FO|NIFTY,19836.07,7
1767088304.7074695,NSE_FO|NIFTY,19838.6,8
1767088305.2233698,NSE_FO|NIFTY,19840.35,10
1767088305.7297132,NSE_FO|NIFTY,19841.33,4
1767088306.2416823,NSE_FO|NIFTY,19841.9,3
1767088306.7445645,NSE_FO|NIFTY,19842.03,1
1767088307.2473445,NSE_FO|NIFTY,19844.44,8
1767088307.7491224,NSE_FO|NIFTY,19845.58,6
1767088308.2510922,NSE_FO|NIFTY,19846.0,3
1767088308.7627292,NSE_FO|NIFTY,19845.87,1
1767088309.2647345,NSE_FO|NIFTY,19844.42,3
1767088309.7662983,NSE_FO|NIFTY,19842.61,7
1767088310.2675388,NSE_FO|NIFTY,19841.73,3
1767088310.7786915,NSE_FO|NIFTY,19840.7,2
1767088311.2831855,NSE_FO|NIFTY,19842.87,5
1767088311.785554,NSE_FO|NIFTY,19842.1,1
1767088312.3006842,NSE_FO|NIFTY,19844.8,6
1767088312.8040276,NSE_FO|NIFTY,19844.41,1
1767088313.3094952,NSE_FO|NIFTY,19845.38,9
1767088313.8149233,NSE_FO|NIFTY,19843.62,6
1767088314.3184369,NSE_FO|NIFTY,19842.58,9
1767088314.8339126,NSE_FO|NIFTY,19844.47,5
1767088315.3372347,NSE_FO|NIFTY,19842.59,4
1767088315.8540366,NSE_FO|NIFTY,19843.36,5
1767088316.3682528,NSE_FO|NIFTY,19841.94,3
1767088316.8738532,NSE_FO|NIFTY,19841.1,6
1767088317.3811688,NSE_FO|NIFTY,19843.81,4
1767088317.8951583,NSE_FO|NIFTY,19842.96,5
1767088318.40364,NSE_FO|NIFTY,19842.91,1
1767088318.9060936,NSE_FO|NIFTY,19841.68,1
1767088319.410431,NSE_FO|NIFTY,19842.55,7
1767088319.9122124,NSE_FO|NIFTY,19842.21,8
1767088320.4152668,NSE_FO|NIFTY,19844.63,9
1767088320.920461,NSE_FO|NIFTY,19844.77,7
1767088321.43474,NSE_FO|NIFTY,19847.07,4
1767088321.9377863,NSE_FO|NIFTY,19848.82,2
1767088322.439946,NSE_FO|NIFTY,19850.25,8
1767088322.9430237,NSE_FO|NIFTY,19849.88,1
1767088323.449497,NSE_FO|NIFTY,19849.1,4
1767088323.9518888,NSE_FO|NIFTY,19849.38,6
1767088324.4593494,NSE_FO|NIFTY,19847.99,10
1767088324.9607193,NSE_FO|NIFTY,19848.26,7
1767088325.4634595,NSE_FO|NIFTY,19850.44,2
1767088325.9670732,NSE_FO|NIFTY,19849.83,5
1767088326.4728315,NSE_FO|NIFTY,19850.23,8
1767088326.9755027,NSE_FO|NIFTY,19852.91,10
1767088327.47664,NSE_FO|NIFTY,19852.04,4
1767088327.9907272,NSE_FO|NIFTY,19852.3,1
1767088328.495712,NSE_FO|NIFTY,19851.64,10
1767088329.0006244,NSE_FO|NIFTY,19849.73,2
1767088329.5150354,NSE_FO|NIFTY,19852.25,6
1767088330.0184693,NSE_FO|NIFTY,19854.46,1
1767088330.5210898,NSE_FO|NIFTY,19857.44,2
1767088331.0315638,NSE_FO|NIFTY,19860.28,4
1767088331.5353582,NSE_FO|NIFTY,19860.24,6
1767088332.0466065,NSE_FO|NIFTY,19859.97,1
1767088332.5511894,NSE_FO|NIFTY,19860.24,8
1767088333.0575051,NSE_FO|NIFTY,19862.2,5
1767088333.5681229,NSE_FO|NIFTY,19861.15,8
1767088334.0714054,NSE_FO|NIFTY,19862.27,3
1767088334.5754652,NSE_FO|NIFTY,19864.75,10
1767088335.086605,NSE_FO|NIFTY,19864.5,6
1767088335.5997777,NSE_FO|NIFTY,19866.81,8
1767088336.103303,NSE_FO|NIFTY,19869.7,2
1767088336.61049,NSE_FO|NIFTY,19869.96,5
1767088337.113767,NSE_FO|NIFTY,19869.24,6
1767088337.6292899,NSE_FO|NIFTY,19870.8,5
1767088338.1369245,NSE_FO|NIFTY,19868.9,4
1767088338.6383934,NSE_FO|NIFTY,19870.97,9
1767088339.1494849,NSE_FO|NIFTY,19871.09,3
1767088339.6557863,NSE_FO|NIFTY,19872.19,8
1767088340.1725302,NSE_FO|NIFTY,19872.5,2
1767088340.6892173,NSE_FO|NIFTY,19871.66,10
1767088341.1905797,NSE_FO|NIFTY,19870.68,1
1767088341.704322,NSE_FO|NIFTY,19873.08,7
1767088342.219238,NSE_FO|NIFTY,19873.47,2
1767088342.729629,NSE_FO|NIFTY,19875.61,3
1767088343.2309673,NSE_FO|NIFTY,19877.52,9
1767088343.739459,NSE_FO|NIFTY,19878.95,10
1767088344.2470293,NSE_FO|NIFTY,19878.91,4
1767088344.757499,NSE_FO|NIFTY,19877.89,5
1767088345.261651,NSE_FO|NIFTY,19877.25,3
1767088345.7779949,NSE_FO|NIFTY,19877.11,1
1767088346.2944803,NSE_FO|NIFTY,19876.55,8
1767088346.8002005,NSE_FO|NIFTY,19877.31,8
1767088347.3166757,NSE_FO|NIFTY,19879.57,3
1767088347.826801,NSE_FO|NIFTY,19881.44,9
1767088348.329863,NSE_FO|NIFTY,19881.32,2
1767088348.8414617,NSE_FO|NIFTY,19880.24,5
1767088349.3445165,NSE_FO|NIFTY,19881.66,7
1767088349.8459935,NSE_FO|NIFTY,19879.97,10
1767088350.3475566,NSE_FO|NIFTY,19878.36,3
1767088350.8501554,NSE_FO|NIFTY,19877.34,3
1767088351.3649607,NSE_FO|NIFTY,19878.04,5
1767088351.8667676,NSE_FO|NIFTY,19876.26,10
1767088352.368445,NSE_FO|NIFTY,19878.58,7
1767088352.8831263,NSE_FO|NIFTY,19878.53,2
1767088353.3968258,NSE_FO|NIFTY,19879.34,6
1767088353.9087067,NSE_FO|NIFTY,19878.62,3
1767088354.4170604,NSE_FO|NIFTY,19880.29,2
1767088354.9196582,NSE_FO|NIFTY,19878.56,10
1767088355.4297018,NSE_FO|NIFTY,19879.5,3
1767088355.9468546,NSE_FO|NIFTY,19882.45,2
1767088356.4552815,NSE_FO|NIFTY,19884.59,2
1767088356.9656072,NSE_FO|NIFTY,19885.43,5
1767088357.47094,NSE_FO|NIFTY,19888.18,2
1767088357.980577,NSE_FO|NIFTY,19886.39,8
1767088358.4890797,NSE_FO|NIFTY,19888.32,3
1767088358.9984994,NSE_FO|NIFTY,19886.64,6
1767088359.5131881,NSE_FO|NIFTY,19885.66,5
1767088360.0174334,NSE_FO|NIFTY,19885.16,5
1767088360.5305173,NSE_FO|NIFTY,19884.77,1
1767088361.034645,NSE_FO|NIFTY,19885.69,5
1767088361.5380235,NSE_FO|NIFTY,19884.24,10
1767088362.0480425,NSE_FO|NIFTY,19885.89,2
1767088362.5488205,NSE_FO|NIFTY,19884.0,2
1767088363.0502784,NSE_FO|NIFTY,19882.25,3
1767088363.5585372,NSE_FO|NIFTY,19884.68,3
1767088364.0607395,NSE_FO|NIFTY,19887.1,5
1767088364.5702512,NSE_FO|NIFTY,19889.88,4
1767088365.0776453,NSE_FO|NIFTY,19889.74,4
1767088365.5930057,NSE_FO|NIFTY,19890.18,8
1767088366.1086435,NSE_FO|NIFTY,19888.86,6
1767088366.6191244,NSE_FO|NIFTY,19887.57,5
1767088367.1291473,NSE_FO|NIFTY,19889.66,4
1767088367.6309435,NSE_FO|NIFTY,19888.27,5
1767088368.1471734,NSE_FO|NIFTY,19890.88,9
1767088368.6540294,NSE_FO|NIFTY,19890.83,7
1767088369.161803,NSE_FO|NIFTY,19889.4,9
1767088369.6753988,NSE_FO|NIFTY,19889.51,1
1767088370.1818595,NSE_FO|NIFTY,19892.23,4
1767088370.6984425,NSE_FO|NIFTY,19894.67,4
1767088371.201453,NSE_FO|NIFTY,19897.09,5
1767088371.7085023,NSE_FO|NIFTY,19897.43,8
1767088372.2202911,NSE_FO|NIFTY,19899.07,8
1767088372.7350535,NSE_FO|NIFTY,19898.12,6
1767088373.2447054,NSE_FO|NIFTY,19899.72,3
1767088373.7465928,NSE_FO|NIFTY,19900.98,2
1767088374.2514634,NSE_FO|NIFTY,19902.69,4
1767088374.7651644,NSE_FO|NIFTY,19903.9,4
1767088375.2690227,NSE_FO|NIFTY,19904.12,7
1767088375.770538,NSE_FO|NIFTY,19905.59,5
1767088376.286233,NSE_FO|NIFTY,19905.34,1
1767088376.8014286,NSE_FO|NIFTY,19905.93,5
1767088377.3044858,NSE_FO|NIFTY,19906.84,8
1767088377.8183103,NSE_FO|NIFTY,19905.0,3
1767088378.325045,NSE_FO|NIFTY,19906.03,8
1767088378.8305705,NSE_FO|NIFTY,19905.47,3
1767088379.3369849,NSE_FO|NIFTY,19906.32,10
1767088379.8404431,NSE_FO|NIFTY,19909.1,10
1767088380.3521547,NSE_FO|NIFTY,19909.19,7
1767088380.8613198,NSE_FO|NIFTY,19909.69,8
1767088381.3718662,NSE_FO|NIFTY,19907.77,3
1767088381.8756557,NSE_FO|NIFTY,19908.78,3
1767088382.3815322,NSE_FO|NIFTY,19909.35,4
1767088382.889863,NSE_FO|NIFTY,19908.91,7
1767088383.39153,NSE_FO|NIFTY,19910.74,5
1767088383.892447,NSE_FO|NIFTY,19910.94,6
1767088384.4069939,NSE_FO|NIFTY,19913.01,7
1767088384.9084337,NSE_FO|NIFTY,19915.84,5
1767088385.4096398,NSE_FO|NIFTY,19915.37,6
1767088385.91069,NSE_FO|NIFTY,19913.77,7
1767088386.412255,NSE_FO|NIFTY,19916.29,7
1767088386.9277766,NSE_FO|NIFTY,19915.7,5
1767088387.443552,NSE_FO|NIFTY,19916.92,9
1767088387.9579554,NSE_FO|NIFTY,19917.36,8
1767088388.460971,NSE_FO|NIFTY,19916.07,2
1767088388.9618952,NSE_FO|NIFTY,19918.8,1
1767088389.4631119,NSE_FO|NIFTY,19920.5,1
1767088389.9788196,NSE_FO|NIFTY,19922.12,7
1767088390.4945338,NSE_FO|NIFTY,19922.41,3
1767088391.0086584,NSE_FO|NIFTY,19924.48,4
1767088391.5105453,NSE_FO|NIFTY,19925.33,10
1767088392.0163686,NSE_FO|NIFTY,19924.35,1
1767088392.5213082,NSE_FO|NIFTY,19924.6,3
1767088393.0268905,NSE_FO|NIFTY,19927.13,6
1767088393.5327992,NSE_FO|NIFTY,19927.92,7
1767088394.0424259,NSE_FO|NIFTY,19929.9,5
1767088394.5458217,NSE_FO|NIFTY,19931.28,3
1767088395.0523517,NSE_FO|NIFTY,19931.93,6
1767088395.5546608,NSE_FO|NIFTY,19930.84,9
1767088396.0598996,NSE_FO|NIFTY,19933.03,9
1767088396.5697784,NSE_FO|NIFTY,19933.87,6
1767088397.0820284,NSE_FO|NIFTY,19934.8,1
1767088397.595758,NSE_FO|NIFTY,19934.81,2
1767088398.1026876,NSE_FO|NIFTY,19937.68,7
1767088398.6044745,NSE_FO|NIFTY,19937.1,9
1767088399.1213057,NSE_FO|NIFTY,19938.78,2
1767088399.622948,NSE_FO|NIFTY,19937.04,6
1767088400.1379266,NSE_FO|NIFTY,19935.52,5
1767088400.6404235,NSE_FO|NIFTY,19935.63,10
1767088401.143719,NSE_FO|NIFTY,19933.92,6
1767088401.6575258,NSE_FO|NIFTY,19933.8,6
1767088402.1634123,NSE_FO|NIFTY,19935.55,3
1767088402.6659632,NSE_FO|NIFTY,19937.09,5
1767088403.1669447,NSE_FO|NIFTY,19936.85,5
1767088403.674828,NSE_FO|NIFTY,19936.61,2
1767088404.1770976,NSE_FO|NIFTY,19936.08,4
1767088404.6893537,NSE_FO|NIFTY,19938.74,3
1767088405.191118,NSE_FO|NIFTY,19936.81,2
1767088405.692991,NSE_FO|NIFTY,19935.58,1
1767088406.1954067,NSE_FO|NIFTY,19933.6,6
1767088406.7112174,NSE_FO|NIFTY,19933.68,3
1767088407.226673,NSE_FO|NIFTY,19935.9,7
1767088407.7293787,NSE_FO|NIFTY,19935.66,4
1767088408.2435615,NSE_FO|NIFTY,19934.57,7
1767088408.7471383,NSE_FO|NIFTY,19935.3,7
1767088409.2513459,NSE_FO|NIFTY,19935.52,10
1767088409.755344,NSE_FO|NIFTY,19933.89,9
1767088410.2630315,NSE_FO|NIFTY,19935.5,3
1767088410.7714899,NSE_FO|NIFTY,19934.79,7
1767088411.2870748,NSE_FO|NIFTY,19935.35,7
1767088411.7990537,NSE_FO|NIFTY,19937.39,7
1767088412.3004873,NSE_FO|NIFTY,19940.23,9
1767088412.8034995,NSE_FO|NIFTY,19939.98,7
1767088413.3110032,NSE_FO|NIFTY,19942.54,10
1767088413.825791,NSE_FO|NIFTY,19944.28,6
1767088414.3309822,NSE_FO|NIFTY,19944.82,8
1767088414.8353407,NSE_FO|NIFTY,19947.66,1
1767088415.3421,NSE_FO|NIFTY,19949.01,10
1767088415.8517168,NSE_FO|NIFTY,19947.06,7
1767088416.3680599,NSE_FO|NIFTY,19945.52,8
1767088416.8709326,NSE_FO|NIFTY,19947.09,7
1767088417.374079,NSE_FO|NIFTY,19948.41,3
1767088417.8868947,NSE_FO|NIFTY,19946.85,2
1767088418.3910277,NSE_FO|NIFTY,19948.52,3
1767088418.8989916,NSE_FO|NIFTY,19947.37,9
1767088419.4031503,NSE_FO|NIFTY,19948.02,6
1767088419.906099,NSE_FO|NIFTY,19948.98,4
1767088420.4201002,NSE_FO|NIFTY,19950.52,1
1767088420.9228613,NSE_FO|NIFTY,19949.29,6
1767088421.4394064,NSE_FO|NIFTY,19949.11,7
1767088421.9535341,NSE_FO|NIFTY,19949.21,2
1767088422.456773,NSE_FO|NIFTY,19951.85,8
1767088422.9604979,NSE_FO|NIFTY,19951.36,7
1767088423.4621708,NSE_FO|NIFTY,19952.45,9
1767088423.9642487,NSE_FO|NIFTY,19955.23,2
1767088424.4727852,NSE_FO|NIFTY,19956.22,6
1767088424.9750016,NSE_FO|NIFTY,19958.6,10
1767088425.4813294,NSE_FO|NIFTY,19959.03,5
1767088425.9935048,NSE_FO|NIFTY,19959.91,6
1767088426.5082724,NSE_FO|NIFTY,19958.4,4
1767088427.0116472,NSE_FO|NIFTY,19957.04,7
1767088427.5152373,NSE_FO|NIFTY,19959.0,9
1767088428.016543,NSE_FO|NIFTY,19960.26,1
1767088428.5294387,NSE_FO|NIFTY,19958.92,3
1767088429.0442793,NSE_FO|NIFTY,19957.14,9
1767088429.5450995,NSE_FO|NIFTY,19956.82,5
1767088430.0467827,NSE_FO|NIFTY,19958.48,4
1767088430.5480542,NSE_FO|NIFTY,19958.14,4
1767088431.0492516,NSE_FO|NIFTY,19958.48,1
1767088431.5642421,NSE_FO|NIFTY,19960.48,10
1767088432.0665197,NSE_FO|NIFTY,19961.91,5
1767088432.5762796,NSE_FO|NIFTY,19963.02,5
1767088433.0821128,NSE_FO|NIFTY,19963.71,5
1767088433.5946074,NSE_FO|NIFTY,19961.82,8
1767088434.096843,NSE_FO|NIFTY,19964.24,5
1767088434.6015892,NSE_FO|NIFTY,19963.55,9
1767088435.1147473,NSE_FO|NIFTY,19966.01,3
1767088435.6188986,NSE_FO|NIFTY,19965.12,8
1767088436.1198251,NSE_FO|NIFTY,19965.09,1
1767088436.6306107,NSE_FO|NIFTY,19965.53,1
1767088437.1468196,NSE_FO|NIFTY,19967.3,10
1767088437.6539986,NSE_FO|NIFTY,19966.73,2
1767088438.1628113,NSE_FO|NIFTY,19968.37,8
1767088438.6714528,NSE_FO|NIFTY,19968.25,8
1767088439.1730673,NSE_FO|NIFTY,19970.37,1
1767088439.688103,NSE_FO|NIFTY,19971.07,9
1767088440.2023656,NSE_FO|NIFTY,19970.27,9
1767088440.715159,NSE_FO|NIFTY,19970.28,5
1767088441.2213762,NSE_FO|NIFTY,19968.48,9
1767088441.7379694,NSE_FO|NIFTY,19970.48,2
1767088442.2452621,NSE_FO|NIFTY,19968.84,1
1767088442.7553792,NSE_FO|NIFTY,19969.73,9
1767088443.258596,NSE_FO|NIFTY,19967.82,4
1767088443.7728238,NSE_FO|NIFTY,19968.08,9
1767088444.2753727,NSE_FO|NIFTY,19969.75,1
1767088444.7772236,NSE_FO|NIFTY,19970.13,1
1767088445.2909815,NSE_FO|NIFTY,19969.32,2
1767088445.7939646,NSE_FO|NIFTY,19970.72,5
1767088446.3095455,NSE_FO|NIFTY,19971.21,1
1767088446.8158498,NSE_FO|NIFTY,19971.58,7
1767088447.324221,NSE_FO|NIFTY,19971.12,3
1767088447.8253558,NSE_FO|NIFTY,19972.9,5
1767088448.329824,NSE_FO|NIFTY,19973.46,8
1767088493.5839841,NSE_FO|NIFTY,19499.63,5
1767088494.087143,NSE_FO|NIFTY,19498.98,7
1767088494.5902045,NSE_FO|NIFTY,19500.49,5
1767088495.1019742,NSE_FO|NIFTY,19500.76,5
1767088495.6218917,NSE_FO|NIFTY,19502.54,5
1767088496.137581,NSE_FO|NIFTY,19503.02,3
1767088496.655511,NSE_FO|NIFTY,19502.23,1
1767088497.1689057,NSE_FO|NIFTY,19505.1,6
1767088497.685067,NSE_FO|NIFTY,19506.27,3
1767088498.2005622,NSE_FO|NIFTY,19505.48,1
1767088498.7052243,NSE_FO|NIFTY,19503.7,4
1767088499.2203443,NSE_FO|NIFTY,19503.29,5
1767088499.728923,NSE_FO|NIFTY,19501.56,1
1767088500.2385316,NSE_FO|NIFTY,19504.38,5
1767088500.7564836,NSE_FO|NIFTY,19505.34,7
1767088501.27401,NSE_FO|NIFTY,19504.71,1
1767088501.7927961,NSE_FO|NIFTY,19507.01,1
1767088502.307881,NSE_FO|NIFTY,19505.67,2
1767088502.8259854,NSE_FO|NIFTY,19507.76,4
1767088503.3417702,NSE_FO|NIFTY,19505.82,3
1767088503.859172,NSE_FO|NIFTY,19505.01,3
1767088504.3789485,NSE_FO|NIFTY,19505.06,5
1767088504.8934436,NSE_FO|NIFTY,19503.54,8
1767088505.4106493,NSE_FO|NIFTY,19502.83,6
1767088505.927829,NSE_FO|NIFTY,19502.12,1
1767088506.4461348,NSE_FO|NIFTY,19503.36,6
1767088506.959487,NSE_FO|NIFTY,19503.62,4
1767088507.4641817,NSE_FO|NIFTY,19504.87,8
1767088507.9769886,NSE_FO|NIFTY,19505.51,6
1767088508.4855642,NSE_FO|NIFTY,19505.23,2
1767088508.991173,NSE_FO|NIFTY,19503.43,9
1767088509.4948382,NSE_FO|NIFTY,19506.34,6
1767088509.997223,NSE_FO|NIFTY,19505.73,5
1767088510.5104976,NSE_FO|NIFTY,19504.48,4
1767088511.0150235,NSE_FO|NIFTY,19505.71,4
1767088511.5250196,NSE_FO|NIFTY,19507.98,8
1767088512.0313244,NSE_FO|NIFTY,19508.69,8
1767088512.5441093,NSE_FO|NIFTY,19511.08,8
1767088513.059857,NSE_FO|NIFTY,19510.27,1
1767088513.5619783,NSE_FO|NIFTY,19513.09,5
1767088514.0659204,NSE_FO|NIFTY,19511.68,1
1767088514.5783775,NSE_FO|NIFTY,19513.1,4
1767088515.0831575,NSE_FO|NIFTY,19512.06,10
1767088515.5883007,NSE_FO|NIFTY,19512.53,4
1767088516.1003585,NSE_FO|NIFTY,19515.37,3
1767088516.602977,NSE_FO|NIFTY,19518.06,10
1767088517.1061919,NSE_FO|NIFTY,19518.03,7
1767088517.6192598,NSE_FO|NIFTY,19518.97,5
1767088518.133642,NSE_FO|NIFTY,19517.79,7
1767088518.6354616,NSE_FO|NIFTY,19519.41,4
1767088519.1416647,NSE_FO|NIFTY,19517.7,10
1767088519.653437,NSE_FO|NIFTY,19517.56,3
1767088520.1686363,NSE_FO|NIFTY,19518.16,1
1767088520.670872,NSE_FO|NIFTY,19520.86,3
1767088521.177711,NSE_FO|NIFTY,19519.78,10
1767088521.6796227,NSE_FO|NIFTY,19522.39,2
1767088522.1956658,NSE_FO|NIFTY,19524.36,8
1767088522.7102408,NSE_FO|NIFTY,19526.98,3
1767088523.2240126,NSE_FO|NIFTY,19525.54,3
1767088523.7368052,NSE_FO|NIFTY,19528.14,1
1767088524.2520723,NSE_FO|NIFTY,19528.61,9
1767088524.7562535,NSE_FO|NIFTY,19527.8,10
1767088525.2696726,NSE_FO|NIFTY,19527.77,5
1767088525.7817447,NSE_FO|NIFTY,19529.24,1
1767088526.2982924,NSE_FO|NIFTY,19529.17,2
1767088526.8100603,NSE_FO|NIFTY,19527.64,2
1767088527.3276265,NSE_FO|NIFTY,19527.47,4
1767088527.8399398,NSE_FO|NIFTY,19529.13,8
1767088528.346731,NSE_FO|NIFTY,19528.94,4
1767088528.9330528,NSE_FO|NIFTY,19531.9,8
1767088529.4469597,NSE_FO|NIFTY,19530.61,10
1767088529.9642656,NSE_FO|NIFTY,19528.96,10
1767088530.5052686,NSE_FO|NIFTY,19527.51,3
1767088531.059703,NSE_FO|NIFTY,19526.5,4
1767088531.6324637,NSE_FO|NIFTY,19529.25,10
1767088532.181336,NSE_FO|NIFTY,19528.37,10
1767088532.6995833,NSE_FO|NIFTY,19528.67,10
1767088533.2023704,NSE_FO|NIFTY,19528.16,8
1767088533.716772,NSE_FO|NIFTY,19529.6,10
1767088534.2327244,NSE_FO|NIFTY,19528.88,1
1767088534.739961,NSE_FO|NIFTY,19531.53,10
1767088535.2494602,NSE_FO|NIFTY,19529.85,10
1767088535.7513201,NSE_FO|NIFTY,19530.06,7
1767088536.2657373,NSE_FO|NIFTY,19529.12,9
1767088536.7688942,NSE_FO|NIFTY,19528.05,10
1767088537.285342,NSE_FO|NIFTY,19529.5,9
1767088537.8015964,NSE_FO|NIFTY,19530.39,9
1767088538.3042445,NSE_FO|NIFTY,19532.31,5
1767088538.8206532,NSE_FO|NIFTY,19530.71,9
1767088539.3220997,NSE_FO|NIFTY,19530.5,1
1767088539.8274803,NSE_FO|NIFTY,19531.27,7
1767088540.337097,NSE_FO|NIFTY,19529.66,4
1767088540.854829,NSE_FO|NIFTY,19530.43,5
1767088541.361827,NSE_FO|NIFTY,19530.46,4
1767088541.8643944,NSE_FO|NIFTY,19529.25,7
1767088542.3704517,NSE_FO|NIFTY,19532.18,9
1767088542.887397,NSE_FO|NIFTY,19534.97,7
1767088543.3899915,NSE_FO|NIFTY,19535.8,4
1767088543.908749,NSE_FO|NIFTY,19537.72,3
1767088544.4241135,NSE_FO|NIFTY,19538.37,2
1767088544.9291902,NSE_FO|NIFTY,19539.21,6
1767088545.4432428,NSE_FO|NIFTY,19540.93,2
1767088545.9567926,NSE_FO|NIFTY,19540.37,9
1767088546.465566,NSE_FO|NIFTY,19542.49,9
1767088546.9764147,NSE_FO|NIFTY,19542.7,2
1767088547.4807987,NSE_FO|NIFTY,19544.82,4
1767088547.983643,NSE_FO|NIFTY,19543.78,2
1767088548.4945154,NSE_FO|NIFTY,19545.8,3
1767088549.0090532,NSE_FO|NIFTY,19546.43,10
1767088549.513767,NSE_FO|NIFTY,19546.24,3
1767088550.0270915,NSE_FO|NIFTY,19547.93,10
1767088550.5285914,NSE_FO|NIFTY,19548.04,6
1767088551.0333753,NSE_FO|NIFTY,19550.25,4
1767088551.5423977,NSE_FO|NIFTY,19551.81,7
1767088552.0485475,NSE_FO|NIFTY,19554.77,4
1767088552.5591757,NSE_FO|NIFTY,19555.39,8
1767088553.0724485,NSE_FO|NIFTY,19557.01,5
1767088553.5877223,NSE_FO|NIFTY,19556.7,7
1767088554.0986037,NSE_FO|NIFTY,19556.77,10
1767088554.6142328,NSE_FO|NIFTY,19555.81,9
1767088555.1274471,NSE_FO|NIFTY,19555.11,7
1767088555.6320832,NSE_FO|NIFTY,19553.75,2
1767088556.1371136,NSE_FO|NIFTY,19555.9,1
1767088556.643904,NSE_FO|NIFTY,19554.38,7
1767088557.1531494,NSE_FO|NIFTY,19554.68,5
1767088557.670479,NSE_FO|NIFTY,19553.04,3
1767088558.172648,NSE_FO|NIFTY,19553.12,8
1767088558.6878974,NSE_FO|NIFTY,19556.09,8
1767088559.202559,NSE_FO|NIFTY,19557.53,4
1767088559.7050073,NSE_FO|NIFTY,19556.66,2
1767088560.2223053,NSE_FO|NIFTY,19554.84,4
1767088560.732043,NSE_FO|NIFTY,19554.99,9
1767088561.2399063,NSE_FO|NIFTY,19556.96,8
1767088561.7521718,NSE_FO|NIFTY,19557.14,2
1767088562.2624235,NSE_FO|NIFTY,19557.56,4
1767088562.773536,NSE_FO|NIFTY,19559.47,8
1767088563.2898035,NSE_FO|NIFTY,19557.86,2
1767088563.7935276,NSE_FO|NIFTY,19559.62,10
1767088564.307558,NSE_FO|NIFTY,19558.02,1
1767088564.8117802,NSE_FO|NIFTY,19557.32,4
1767088565.3236363,NSE_FO|NIFTY,19555.39,10
1767088565.8343391,NSE_FO|NIFTY,19555.69,7
1767088566.342737,NSE_FO|NIFTY,19555.46,1
1767088566.8452623,NSE_FO|NIFTY,19557.93,2
1767088567.351209,NSE_FO|NIFTY,19555.99,6
1767088567.8576617,NSE_FO|NIFTY,19556.67,10
1767088568.3621843,NSE_FO|NIFTY,19557.86,2
1767088568.8703156,NSE_FO|NIFTY,19556.9,9
1767088569.3772006,NSE_FO|NIFTY,19556.48,10
1767088569.8909233,NSE_FO|NIFTY,19557.67,9
1767088570.3928692,NSE_FO|NIFTY,19560.27,6
1767088570.8999653,NSE_FO|NIFTY,19560.3,1
1767088571.41077,NSE_FO|NIFTY,19561.53,4
1767088571.9171453,NSE_FO|NIFTY,19562.95,5
1767088572.434024,NSE_FO|NIFTY,19564.49,6
1767088572.9387443,NSE_FO|NIFTY,19563.72,6
1767088573.4466138,NSE_FO|NIFTY,19565.11,2
1767088573.9507463,NSE_FO|NIFTY,19566.93,2
1767088574.4648077,NSE_FO|NIFTY,19566.93,5
1767088574.9809499,NSE_FO|NIFTY,19567.72,1
1767088575.495539,NSE_FO|NIFTY,19567.54,5
1767088575.997948,NSE_FO|NIFTY,19570.23,2
1767088576.5070517,NSE_FO|NIFTY,19569.11,7
1767088577.0161,NSE_FO|NIFTY,19567.15,5
1767088577.5184414,NSE_FO|NIFTY,19566.34,5
1767088578.034992,NSE_FO|NIFTY,19565.01,5
1767088578.5485926,NSE_FO|NIFTY,19566.26,4
1767088579.0583656,NSE_FO|NIFTY,19566.31,10
1767088579.5700736,NSE_FO|NIFTY,19567.49,10
1767088580.082625,NSE_FO|NIFTY,19568.81,9
1767088580.5865462,NSE_FO|NIFTY,19571.27,3
1767088581.0892117,NSE_FO|NIFTY,19573.55,4
1767088581.6066077,NSE_FO|NIFTY,19575.69,5
1767088582.1214185,NSE_FO|NIFTY,19576.72,10
1767088582.6242669,NSE_FO|NIFTY,19577.94,8
1767088583.1274974,NSE_FO|NIFTY,19577.96,10
1767088583.640259,NSE_FO|NIFTY,19580.8,8
1767088584.1575434,NSE_FO|NIFTY,19582.97,4
1767088584.6604962,NSE_FO|NIFTY,19583.89,10
1767088585.1662138,NSE_FO|NIFTY,19586.33,4
1767088585.6689932,NSE_FO|NIFTY,19585.36,7
1767088586.1725166,NSE_FO|NIFTY,19587.67,2
1767088586.6883035,NSE_FO|NIFTY,19586.96,1
1767088587.1923323,NSE_FO|NIFTY,19587.54,1
1767088587.709647,NSE_FO|NIFTY,19586.31,7
1767088588.2246623,NSE_FO|NIFTY,19584.46,3
1767088588.726775,NSE_FO|NIFTY,19585.12,3
1767088589.2439475,NSE_FO|NIFTY,19584.92,2
1767088589.759895,NSE_FO|NIFTY,19585.06,1
1767088590.2622516,NSE_FO|NIFTY,19584.08,5
1767088590.77237,NSE_FO|NIFTY,19584.9,3
1767088591.2797856,NSE_FO|NIFTY,19583.95,3
1767088591.7861116,NSE_FO|NIFTY,19584.31,4
1767088592.29206,NSE_FO|NIFTY,19585.19,3
1767088592.7977629,NSE_FO|NIFTY,19586.88,9
1767088593.3125858,NSE_FO|NIFTY,19588.37,10
1767088593.81671,NSE_FO|NIFTY,19591.37,3
1767088594.327046,NSE_FO|NIFTY,19592.43,3
1767088594.8417625,NSE_FO|NIFTY,19593.26,7
1767088595.3470125,NSE_FO|NIFTY,19592.07,1
1767088595.8498971,NSE_FO|NIFTY,19591.0,10
1767088596.358607,NSE_FO|NIFTY,19589.7,7
1767088596.8653045,NSE_FO|NIFTY,19590.12,6
1767088597.3675063,NSE_FO|NIFTY,19590.26,7
1767088597.8713157,NSE_FO|NIFTY,19591.78,9
1767088598.3738017,NSE_FO|NIFTY,19592.16,8
1767088598.8756762,NSE_FO|NIFTY,19593.52,6
1767088599.3878858,NSE_FO|NIFTY,19592.87,5
1767088599.8997653,NSE_FO|NIFTY,19593.19,5
1767088600.40705,NSE_FO|NIFTY,19592.56,1
1767088600.9200852,NSE_FO|NIFTY,19594.39,9
1767088601.4303694,NSE_FO|NIFTY,19597.22,6
1767088601.941,NSE_FO|NIFTY,19596.74,6
1767088602.4466188,NSE_FO|NIFTY,19599.08,2
1767088602.9489543,NSE_FO|NIFTY,19598.78,6
1767088603.4531372,NSE_FO|NIFTY,19600.0,4
1767088603.9572368,NSE_FO|NIFTY,19600.75,6
1767088604.466464,NSE_FO|NIFTY,19602.71,5
1767088604.9688997,NSE_FO|NIFTY,19601.54,10
1767088605.4825578,NSE_FO|NIFTY,19601.14,6
1767088605.988211,NSE_FO|NIFTY,19600.01,2
1767088606.499131,NSE_FO|NIFTY,19601.28,7
1767088607.0064573,NSE_FO|NIFTY,19601.93,5
1767088607.5097713,NSE_FO|NIFTY,19602.66,4
1767088608.0158515,NSE_FO|NIFTY,19603.06,1
1767088608.5195165,NSE_FO|NIFTY,19602.61,6
1767088609.026398,NSE_FO|NIFTY,19601.73,8
1767088609.5351338,NSE_FO|NIFTY,19604.64,6
1767088610.0413306,NSE_FO|NIFTY,19606.66,6
1767088610.5436199,NSE_FO|NIFTY,19609.38,4
1767088611.0548139,NSE_FO|NIFTY,19607.96,2
1767088611.5575387,NSE_FO|NIFTY,19606.13,6
1767088612.0663552,NSE_FO|NIFTY,19606.42,10
1767088612.5717206,NSE_FO|NIFTY,19605.66,6
1767088613.081759,NSE_FO|NIFTY,19606.27,5
1767088613.5877209,NSE_FO|NIFTY,19604.78,6
1767088614.0983942,NSE_FO|NIFTY,19604.95,7
1767088614.60413,NSE_FO|NIFTY,19607.57,4
1767088615.1088197,NSE_FO|NIFTY,19607.91,7
1767088615.6190014,NSE_FO|NIFTY,19609.52,1
1767088616.1309924,NSE_FO|NIFTY,19609.91,1
1767088616.6426747,NSE_FO|NIFTY,19608.95,10
1767088617.1521215,NSE_FO|NIFTY,19607.64,8
1767088617.657657,NSE_FO|NIFTY,19607.33,8
1767088618.1673393,NSE_FO|NIFTY,19609.92,10
1767088618.6754682,NSE_FO|NIFTY,19610.99,3
1767088619.176897,NSE_FO|NIFTY,19613.57,6
1767088619.68541,NSE_FO|NIFTY,19615.94,6
1767088620.1933115,NSE_FO|NIFTY,19615.93,9
1767088620.694937,NSE_FO|NIFTY,19616.92,2
1767088621.2038467,NSE_FO|NIFTY,19618.11,9
1767088621.706117,NSE_FO|NIFTY,19618.1,5
1767088622.2071927,NSE_FO|NIFTY,19618.63,3
1767088622.7204776,NSE_FO|NIFTY,19617.75,2
1767088623.22911,NSE_FO|NIFTY,19618.06,7
1767088623.7342896,NSE_FO|NIFTY,19620.34,7
1767088624.240544,NSE_FO|NIFTY,19620.61,9
1767088624.751521,NSE_FO|NIFTY,19623.14,7
1767088625.2548182,NSE_FO|NIFTY,19621.33,5
1767088625.7588015,NSE_FO|NIFTY,19619.39,10
1767088626.2748952,NSE_FO|NIFTY,19618.62,4
1767088626.7889907,NSE_FO|NIFTY,19618.09,9
1767088627.3039489,NSE_FO|NIFTY,19618.33,5
1767088627.817005,NSE_FO|NIFTY,19616.87,4
1767088628.318321,NSE_FO|NIFTY,19616.09,7
1767088628.8235295,NSE_FO|NIFTY,19617.59,4
1767088629.3309364,NSE_FO|NIFTY,19616.22,3
1767088629.8446772,NSE_FO|NIFTY,19619.03,2
1767088630.3549016,NSE_FO|NIFTY,19619.58,2
1767088630.8650863,NSE_FO|NIFTY,19620.82,2
1767088631.3753164,NSE_FO|NIFTY,19620.25,3
1767088631.8784578,NSE_FO|NIFTY,19618.4,8
1767088632.3841898,NSE_FO|NIFTY,19620.98,10
1767088632.887709,NSE_FO|NIFTY,19620.95,2
1767088633.3957202,NSE_FO|NIFTY,19623.68,3
1767088633.9117115,NSE_FO|NIFTY,19624.52,6
1767088634.4208205,NSE_FO|NIFTY,19627.49,4
1767088634.9338157,NSE_FO|NIFTY,19627.39,5
1767088635.436704,NSE_FO|NIFTY,19625.45,10
1767088635.9416149,NSE_FO|NIFTY,19625.57,3
1767088636.4498265,NSE_FO|NIFTY,19626.01,2
1767088636.9519684,NSE_FO|NIFTY,19627.45,3
1767088637.4571269,NSE_FO|NIFTY,19625.66,1
1767088637.9733741,NSE_FO|NIFTY,19627.05,6
1767088638.4796987,NSE_FO|NIFTY,19626.87,8
1767088638.991452,NSE_FO|NIFTY,19628.82,10
1767088639.5037446,NSE_FO|NIFTY,19627.72,2
1767088640.012509,NSE_FO|NIFTY,19626.79,1
1767088640.5195668,NSE_FO|NIFTY,19627.56,9
1767088641.0253708,NSE_FO|NIFTY,19626.22,2
1767088641.5295942,NSE_FO|NIFTY,19624.89,3
1767088642.0311298,NSE_FO|NIFTY,19625.79,6
1767088642.5370054,NSE_FO|NIFTY,19623.99,6
1767088643.047217,NSE_FO|NIFTY,19626.94,8
1767088643.5558944,NSE_FO|NIFTY,19629.26,6
1767088644.0618253,NSE_FO|NIFTY,19629.77,6
1767088644.5661738,NSE_FO|NIFTY,19629.22,1
1767088645.0680702,NSE_FO|NIFTY,19629.42,1
1767088645.5768077,NSE_FO|NIFTY,19632.19,2
1767088646.0843012,NSE_FO|NIFTY,19631.62,9
1767088646.5910132,NSE_FO|NIFTY,19630.6,3
1767088647.0967283,NSE_FO|NIFTY,19632.8,10
1767088647.5980203,NSE_FO|NIFTY,19631.22,6
1767088648.103322,NSE_FO|NIFTY,19630.12,5
1767088648.6072311,NSE_FO|NIFTY,19632.36,9
1767088649.1095948,NSE_FO|NIFTY,19634.18,6
1767088649.6260865,NSE_FO|NIFTY,19634.22,8
1767088650.1307623,NSE_FO|NIFTY,19634.16,1
1767088650.6349492,NSE_FO|NIFTY,19636.47,5
1767088651.1447313,NSE_FO|NIFTY,19639.4,8
1767088651.6497521,NSE_FO|NIFTY,19641.59,1
1767088652.1624663,NSE_FO|NIFTY,19640.43,9
1767088652.670058,NSE_FO|NIFTY,19641.55,3
1767088653.171141,NSE_FO|NIFTY,19644.05,5
1767088653.6781323,NSE_FO|NIFTY,19644.14,3
1767088654.1855552,NSE_FO|NIFTY,19646.11,9
1767088654.697218,NSE_FO|NIFTY,19647.37,10
1767088655.2102659,NSE_FO|NIFTY,19646.2,6
1767088655.7188559,NSE_FO|NIFTY,19644.33,7
1767088656.2292755,NSE_FO|NIFTY,19642.94,4
1767088656.7365468,NSE_FO|NIFTY,19645.65,1
1767088657.248642,NSE_FO|NIFTY,19646.19,2
1767088657.7527583,NSE_FO|NIFTY,19647.18,2
1767088658.2599504,NSE_FO|NIFTY,19649.53,8
1767088658.7678254,NSE_FO|NIFTY,19651.65,5
1767088659.2763286,NSE_FO|NIFTY,19652.47,3
1767088659.7851555,NSE_FO|NIFTY,19653.91,9
1767088660.3011284,NSE_FO|NIFTY,19652.02,6
1767088660.8098645,NSE_FO|NIFTY,19650.93,6
1767088661.313258,NSE_FO|NIFTY,19648.98,8
1767088661.8224616,NSE_FO|NIFTY,19649.61,6
1767088662.3310115,NSE_FO|NIFTY,19647.84,6
1767088662.8467715,NSE_FO|NIFTY,19649.51,6
1767088663.3538234,NSE_FO|NIFTY,19648.0,2
1767088663.8611188,NSE_FO|NIFTY,19647.23,2
1767088664.3693914,NSE_FO|NIFTY,19647.34,8
1767088664.8754885,NSE_FO|NIFTY,19645.54,2
1767088665.385969,NSE_FO|NIFTY,19645.32,9
1767088665.8996572,NSE_FO|NIFTY,19646.49,4
1767088666.4094176,NSE_FO|NIFTY,19647.77,9
1767088666.9171221,NSE_FO|NIFTY,19649.59,4
1767088667.425572,NSE_FO|NIFTY,19650.36,5
1767088667.930559,NSE_FO|NIFTY,19650.51,3
1767088668.4456177,NSE_FO|NIFTY,19650.81,8
1767088668.9578419,NSE_FO|NIFTY,19649.38,8
1767088669.4673746,NSE_FO|NIFTY,19648.79,3
1767088669.9809175,NSE_FO|NIFTY,19648.7,7
1767088670.4890757,NSE_FO|NIFTY,19646.95,3
1767088670.9966564,NSE_FO|NIFTY,19648.9,1
1767088671.5050118,NSE_FO|NIFTY,19647.96,4
1767088672.0186293,NSE_FO|NIFTY,19648.81,9
1767088672.5235753,NSE_FO|NIFTY,19650.35,4
1767088673.0294645,NSE_FO|NIFTY,19652.85,2
1767088673.5452738,NSE_FO|NIFTY,19651.77,10
1767088674.0540538,NSE_FO|NIFTY,19649.82,5
1767088674.5621536,NSE_FO|NIFTY,19650.5,1
1767088675.0709865,NSE_FO|NIFTY,19649.6,8
1767088675.5835114,NSE_FO|NIFTY,19648.7,7
1767088676.0929,NSE_FO|NIFTY,19647.34,7
1767088676.6009297,NSE_FO|NIFTY,19648.06,7
1767088677.1162245,NSE_FO|NIFTY,19648.3,8
1767088677.6319287,NSE_FO|NIFTY,19647.83,2
1767088678.1371412,NSE_FO|NIFTY,19650.8,5
1767088678.6476045,NSE_FO|NIFTY,19649.93,6
1767088679.1516724,NSE_FO|NIFTY,19648.25,9
1767088679.6656919,NSE_FO|NIFTY,19648.77,10
1767088680.1765969,NSE_FO|NIFTY,19650.55,6
1767088680.6867635,NSE_FO|NIFTY,19652.7,5
1767088681.1920605,NSE_FO|NIFTY,19654.21,3
1767088681.7003858,NSE_FO|NIFTY,19654.14,6
1767088682.2142332,NSE_FO|NIFTY,19654.02,8
1767088682.7196336,NSE_FO|NIFTY,19656.17,9
1767088683.2256312,NSE_FO|NIFTY,19659.01,7
1767088683.7407017,NSE_FO|NIFTY,19658.11,4
1767088684.2494247,NSE_FO|NIFTY,19657.77,2
1767088684.7568014,NSE_FO|NIFTY,19655.89,7
1767088685.2612307,NSE_FO|NIFTY,19656.69,8
1767088685.7747407,NSE_FO|NIFTY,19659.03,9
1767088686.2839315,NSE_FO|NIFTY,19658.82,1
1767088686.7899635,NSE_FO|NIFTY,19661.54,10
1767088687.3028333,NSE_FO|NIFTY,19663.01,9
1767088687.8105016,NSE_FO|NIFTY,19663.87,1
1767088688.3256366,NSE_FO|NIFTY,19663.35,7
1767088688.8283956,NSE_FO|NIFTY,19664.96,6
1767088689.342978,NSE_FO|NIFTY,19665.25,1
1767088689.8502772,NSE_FO|NIFTY,19663.65,1
1767088690.356889,NSE_FO|NIFTY,19666.37,6
1767088690.871166,NSE_FO|NIFTY,19667.39,4
1767088691.3764203,NSE_FO|NIFTY,19668.72,4
1767088691.8779356,NSE_FO|NIFTY,19668.72,2
1767088692.391098,NSE_FO|NIFTY,19668.52,10
1767088692.9057064,NSE_FO|NIFTY,19670.36,8
1767088693.41497,NSE_FO|NIFTY,19672.52,2
1767088693.9178047,NSE_FO|NIFTY,19673.49,7
1767088694.4281292,NSE_FO|NIFTY,19673.95,9
1767088694.9380224,NSE_FO|NIFTY,19675.02,8
1767088695.4500878,NSE_FO|NIFTY,19674.0,2
1767088695.9604285,NSE_FO|NIFTY,19676.76,9
1767088696.4618247,NSE_FO|NIFTY,19677.79,10
1767088696.9676197,NSE_FO|NIFTY,19676.7,1
1767088697.470798,NSE_FO|NIFTY,19675.32,6
1767088697.9817502,NSE_FO|NIFTY,19673.53,8
1767088698.4832335,NSE_FO|NIFTY,19675.47,9
1767088698.9964385,NSE_FO|NIFTY,19675.48,3
1767088699.4985845,NSE_FO|NIFTY,19677.41,3
1767088700.0141742,NSE_FO|NIFTY,19676.41,10
1767088700.5228848,NSE_FO|NIFTY,19674.42,10
1767088701.0272303,NSE_FO|NIFTY,19674.09,3
1767088701.5303688,NSE_FO|NIFTY,19673.81,5
1767088702.0372393,NSE_FO|NIFTY,19676.08,10
1767088702.54752,NSE_FO|NIFTY,19676.08,9
1767088703.056613,NSE_FO|NIFTY,19677.93,9
1767088703.5662966,NSE_FO|NIFTY,19680.16,9
1767088704.06768,NSE_FO|NIFTY,19680.53,2
1767088704.5702045,NSE_FO|NIFTY,19680.43,6
1767088705.0779276,NSE_FO|NIFTY,19680.32,8
1767088705.591939,NSE_FO|NIFTY,19680.59,5
1767088706.1024601,NSE_FO|NIFTY,19681.17,2
1767088706.6085608,NSE_FO|NIFTY,19683.21,8
1767088707.114368,NSE_FO|NIFTY,19682.15,7
1767088707.6222632,NSE_FO|NIFTY,19681.68,8
1767088708.124687,NSE_FO|NIFTY,19683.71,4
1767088708.631322,NSE_FO|NIFTY,19682.78,2
1767088709.1448832,NSE_FO|NIFTY,19680.89,6
1767088709.6557517,NSE_FO|NIFTY,19682.88,4
1767088710.1711917,NSE_FO|NIFTY,19684.05,2
1767088710.679558,NSE_FO|NIFTY,19682.56,1
1767088711.1851556,NSE_FO|NIFTY,19681.15,8
1767088711.7007146,NSE_FO|NIFTY,19682.2,6
1767088712.2072558,NSE_FO|NIFTY,19684.3,8
1767088712.7103744,NSE_FO|NIFTY,19685.22,2
1767088713.217132,NSE_FO|NIFTY,19688.06,5
1767088713.7238405,NSE_FO|NIFTY,19686.54,8
1767088714.2394104,NSE_FO|NIFTY,19687.34,8
1767088714.7470133,NSE_FO|NIFTY,19688.4,5
1767088715.2593262,NSE_FO|NIFTY,19691.03,7
1767088715.7676666,NSE_FO|NIFTY,19689.38,4
1767088716.2829387,NSE_FO|NIFTY,19692.35,5
1767088716.7978094,NSE_FO|NIFTY,19693.55,8
1767088717.3096406,NSE_FO|NIFTY,19695.27,10
1767088717.8167243,NSE_FO|NIFTY,19695.0,2
1767088718.3310153,NSE_FO|NIFTY,19696.08,4
1767088718.8362603,NSE_FO|NIFTY,19694.7,2
1767088719.3370445,NSE_FO|NIFTY,19692.97,8
1767088719.8523164,NSE_FO|NIFTY,19694.16,3
1767088720.355861,NSE_FO|NIFTY,19692.68,6
1767088720.8682363,NSE_FO|NIFTY,19693.49,10
1767088721.3703563,NSE_FO|NIFTY,19692.83,7
1767088721.876434,NSE_FO|NIFTY,19691.27,8
1767088722.386679,NSE_FO|NIFTY,19690.96,7
1767088722.902716,NSE_FO|NIFTY,19691.76,2
1767088723.4150507,NSE_FO|NIFTY,19692.93,9
1767088723.9168391,NSE_FO|NIFTY,19693.25,1
1767088724.4188042,NSE_FO|NIFTY,19694.44,9
1767088724.931837,NSE_FO|NIFTY,19694.76,8
1767088725.4403164,NSE_FO|NIFTY,19695.73,1
1767088725.957024,NSE_FO|NIFTY,19695.26,8
1767088726.4651265,NSE_FO|NIFTY,19694.39,4
1767088726.9674797,NSE_FO|NIFTY,19694.29,9
1767088727.473661,NSE_FO|NIFTY,19694.02,4
1767088727.9760735,NSE_FO|NIFTY,19693.92,5
1767088728.477164,NSE_FO|NIFTY,19693.79,7
1767088728.993012,NSE_FO|NIFTY,19694.63,9
1767088729.5065932,NSE_FO|NIFTY,19694.23,5
1767088730.0084214,NSE_FO|NIFTY,19695.99,7
1767088730.5117364,NSE_FO|NIFTY,19698.28,10
1767088731.019872,NSE_FO|NIFTY,19698.73,6
1767088731.5265756,NSE_FO|NIFTY,19697.89,1
1767088732.0377123,NSE_FO|NIFTY,19697.54,10
1767088732.5471013,NSE_FO|NIFTY,19696.9,5
1767088733.0493853,NSE_FO|NIFTY,19697.63,7
1767088733.5544317,NSE_FO|NIFTY,19696.71,6
1767088734.0577893,NSE_FO|NIFTY,19695.94,10
1767088734.5608487,NSE_FO|NIFTY,19698.7,10
1767088735.0650804,NSE_FO|NIFTY,19701.34,1
1767088735.5679467,NSE_FO|NIFTY,19702.25,1
1767088736.0725145,NSE_FO|NIFTY,19704.4,7
1767088736.5846047,NSE_FO|NIFTY,19707.21,1
1767088737.0876212,NSE_FO|NIFTY,19705.33,9
1767088737.5926642,NSE_FO|NIFTY,19707.19,9
1767088738.0987003,NSE_FO|NIFTY,19709.72,7
1767088738.602539,NSE_FO|NIFTY,19709.5,10
1767088739.1189597,NSE_FO|NIFTY,19710.08,5
1767088739.6303172,NSE_FO|NIFTY,19709.24,3
1767088740.1451788,NSE_FO|NIFTY,19711.27,9
1767088740.648136,NSE_FO|NIFTY,19713.5,8
1767088741.165015,NSE_FO|NIFTY,19711.97,5
1767088741.6714644,NSE_FO|NIFTY,19713.12,6
1767088742.1808484,NSE_FO|NIFTY,19711.17,10
1767088742.6833332,NSE_FO|NIFTY,19712.6,1
1767088743.1882722,NSE_FO|NIFTY,19712.78,10
1767088743.6970298,NSE_FO|NIFTY,19715.48,4
1767088744.2079227,NSE_FO|NIFTY,19713.5,1
1767088744.7173204,NSE_FO|NIFTY,19716.29,4
1767088745.2316675,NSE_FO|NIFTY,19716.43,7
1767088745.7392466,NSE_FO|NIFTY,19715.18,3
1767088746.2406714,NSE_FO|NIFTY,19716.92,2
1767088746.7524831,NSE_FO|NIFTY,19718.12,4
1767088747.2584455,NSE_FO|NIFTY,19720.33,8
1767088747.7732723,NSE_FO|NIFTY,19719.54,3
1767088748.2810037,NSE_FO|NIFTY,19721.46,7
1767088748.7879632,NSE_FO|NIFTY,19720.31,4
1767088749.291929,NSE_FO|NIFTY,19720.6,3
1767088749.8031738,NSE_FO|NIFTY,19720.57,10
1767088750.312625,NSE_FO|NIFTY,19720.55,2
1767088750.8255408,NSE_FO|NIFTY,19721.47,8
1767088751.329998,NSE_FO|NIFTY,19722.9,10
1767088751.8445435,NSE_FO|NIFTY,19721.09,10
1767088752.3472385,NSE_FO|NIFTY,19723.25,3
1767088752.8602655,NSE_FO|NIFTY,19722.05,3
1767088753.3621671,NSE_FO|NIFTY,19723.26,7
1767088753.865662,NSE_FO|NIFTY,19721.42,8
1767088754.3821552,NSE_FO|NIFTY,19719.83,4
1767088754.8852377,NSE_FO|NIFTY,19721.75,6
1767088755.396885,NSE_FO|NIFTY,19722.6,5
1767088755.8985758,NSE_FO|NIFTY,19721.01,6
1767088756.4038332,NSE_FO|NIFTY,19720.21,8
1767088756.9120839,NSE_FO|NIFTY,19722.94,5
1767088757.4261434,NSE_FO|NIFTY,19725.79,8
1767088757.9354184,NSE_FO|NIFTY,19727.83,3
1767088758.4404588,NSE_FO|NIFTY,19726.0,1
1767088758.9515584,NSE_FO|NIFTY,19724.34,4
1767088759.4592614,NSE_FO|NIFTY,19723.58,8
1767088759.967867,NSE_FO|NIFTY,19724.36,8
1767088760.481808,NSE_FO|NIFTY,19725.87,2
1767088760.9878047,NSE_FO|NIFTY,19725.4,1
1767088761.5045063,NSE_FO|NIFTY,19723.69,4
1767088762.0214162,NSE_FO|NIFTY,19726.34,7
1767088762.5377002,NSE_FO|NIFTY,19728.46,10
1767088763.0405998,NSE_FO|NIFTY,19727.2,7
1767088763.5575163,NSE_FO|NIFTY,19728.6,10
1767088764.0629406,NSE_FO|NIFTY,19729.56,7
1767088764.5739536,NSE_FO|NIFTY,19730.39,2
1767088765.080945,NSE_FO|NIFTY,19729.15,5
1767088765.582425,NSE_FO|NIFTY,19731.47,4
1767088766.0865197,NSE_FO|NIFTY,19730.35,7
1767088766.587974,NSE_FO|NIFTY,19732.09,4
1767088767.1037202,NSE_FO|NIFTY,19734.69,6
1767088767.6177065,NSE_FO|NIFTY,19736.51,9
1767088768.1247363,NSE_FO|NIFTY,19735.46,4
1767088768.6331701,NSE_FO|NIFTY,19737.57,3
1767088769.1348388,NSE_FO|NIFTY,19736.04,8
1767088769.6470253,NSE_FO|NIFTY,19736.67,9
1767088770.1602364,NSE_FO|NIFTY,19736.23,10
1767088770.6623306,NSE_FO|NIFTY,19737.34,4
1767088771.1784828,NSE_FO|NIFTY,19740.0,8
1767088771.695213,NSE_FO|NIFTY,19741.88,1
1767088772.2106433,NSE_FO|NIFTY,19740.31,1
1767088772.7258134,NSE_FO|NIFTY,19742.55,3
1767088773.2309422,NSE_FO|NIFTY,19744.28,1
1767088773.7433522,NSE_FO|NIFTY,19746.25,6
1767088774.247196,NSE_FO|NIFTY,19748.01,3
1767088774.762839,NSE_FO|NIFTY,19747.74,3
1767088775.2708807,NSE_FO|NIFTY,19748.1,9
1767088775.7773225,NSE_FO|NIFTY,19749.81,10
1767088776.2798367,NSE_FO|NIFTY,19752.61,5
1767088776.7813847,NSE_FO|NIFTY,19751.27,7
1767088777.28822,NSE_FO|NIFTY,19750.17,5
1767088777.8003561,NSE_FO|NIFTY,19749.11,3
1767088778.3157182,NSE_FO|NIFTY,19748.9,10
1767088778.8189762,NSE_FO|NIFTY,19749.48,4
1767088779.3346324,NSE_FO|NIFTY,19747.9,8
1767088779.8476815,NSE_FO|NIFTY,19750.62,2
1767088780.3580394,NSE_FO|NIFTY,19750.35,10
1767088780.871392,NSE_FO|NIFTY,19751.38,9
1767088781.3732486,NSE_FO|NIFTY,19751.1,2
1767088781.882383,NSE_FO|NIFTY,19751.4,8
1767088782.385172,NSE_FO|NIFTY,19750.56,7
1767088782.8879988,NSE_FO|NIFTY,19750.96,10
1767088783.3955433,NSE_FO|NIFTY,19749.5,9
1767088783.90853,NSE_FO|NIFTY,19750.58,10
1767088784.423392,NSE_FO|NIFTY,19750.14,4
1767088784.939936,NSE_FO|NIFTY,19748.5,6
1767088785.4545887,NSE_FO|NIFTY,19746.94,9
1767088785.9664705,NSE_FO|NIFTY,19746.1,10
1767088786.472065,NSE_FO|NIFTY,19748.24,3
1767088786.974643,NSE_FO|NIFTY,19746.42,9
1767088787.4794736,NSE_FO|NIFTY,19748.9,5
1767088787.9844856,NSE_FO|NIFTY,19749.36,5
1767088788.490623,NSE_FO|NIFTY,19751.15,9
1767088788.997184,NSE_FO|NIFTY,19749.99,10
1767088789.5093076,NSE_FO|NIFTY,19748.2,3
1767088790.0182068,NSE_FO|NIFTY,19750.95,2
1767088790.5293224,NSE_FO|NIFTY,19751.98,2
1767088791.0392604,NSE_FO|NIFTY,19750.38,8
1767088791.5544333,NSE_FO|NIFTY,19751.3,7
1767088792.0605779,NSE_FO|NIFTY,19753.87,6
1767088792.5763164,NSE_FO|NIFTY,19752.15,7
1767088793.079201,NSE_FO|NIFTY,19753.8,1
1767088793.5900111,NSE_FO|NIFTY,19751.82,1
1767088794.0942833,NSE_FO|NIFTY,19753.5,7
1767088794.596502,NSE_FO|NIFTY,19753.92,9
1767088795.1072578,NSE_FO|NIFTY,19756.49,10
1767088795.6097548,NSE_FO|NIFTY,19757.91,4
1767088796.116997,NSE_FO|NIFTY,19757.64,9
1767088796.6225677,NSE_FO|NIFTY,19757.15,6
1767088797.1340299,NSE_FO|NIFTY,19756.04,2
1767088797.6468604,NSE_FO|NIFTY,19756.49,2
1767088798.1521869,NSE_FO|NIFTY,19759.04,10
1767088798.6650136,NSE_FO|NIFTY,19757.62,10
1767088799.1675084,NSE_FO|NIFTY,19755.75,3
1767088799.6687183,NSE_FO|NIFTY,19755.17,3
1767088800.183822,NSE_FO|NIFTY,19754.9,1
1767088800.6887436,NSE_FO|NIFTY,19754.32,4
1767088801.1909988,NSE_FO|NIFTY,19752.6,1
1767088801.6962826,NSE_FO|NIFTY,19753.85,8
1767088802.2055426,NSE_FO|NIFTY,19752.27,4
1767088802.7117906,NSE_FO|NIFTY,19752.09,6
1767088803.21335,NSE_FO|NIFTY,19752.73,6
1767088803.7209787,NSE_FO|NIFTY,19753.07,6
1767088804.223617,NSE_FO|NIFTY,19753.14,6
1767088804.7346776,NSE_FO|NIFTY,19754.63,4
1767088805.249061,NSE_FO|NIFTY,19754.72,8
1767088805.7598364,NSE_FO|NIFTY,19757.34,4
1767088806.2702005,NSE_FO|NIFTY,19759.8,10
1767088806.771293,NSE_FO|NIFTY,19758.77,6
1767088807.2756617,NSE_FO|NIFTY,19760.56,1
1767088807.7770345,NSE_FO|NIFTY,19762.84,2
1767088808.287069,NSE_FO|NIFTY,19763.86,4
1767088808.793951,NSE_FO|NIFTY,19762.19,9
1767088809.3088973,NSE_FO|NIFTY,19761.59,6
1767088809.8232198,NSE_FO|NIFTY,19760.88,9
1767088810.3257596,NSE_FO|NIFTY,19759.24,2
1767088810.8289971,NSE_FO|NIFTY,19761.85,9
1767088811.342862,NSE_FO|NIFTY,19760.48,10
1767088811.8465953,NSE_FO|NIFTY,19760.03,4
1767088812.3576868,NSE_FO|NIFTY,19760.85,3
1767088812.8590062,NSE_FO|NIFTY,19763.11,4
1767088813.3647141,NSE_FO|NIFTY,19763.9,9
1767088813.8691025,NSE_FO|NIFTY,19766.74,4
1767088814.3805957,NSE_FO|NIFTY,19767.08,5
1767088814.895499,NSE_FO|NIFTY,19768.88,8
1767088815.4095824,NSE_FO|NIFTY,19769.83,4
1767088815.9126463,NSE_FO|NIFTY,19769.22,9
1767088816.4154997,NSE_FO|NIFTY,19769.37,7
1767088816.930785,NSE_FO|NIFTY,19768.55,3
1767088817.4381604,NSE_FO|NIFTY,19768.42,2
1767088817.9495497,NSE_FO|NIFTY,19769.71,4
1767088818.450607,NSE_FO|NIFTY,19769.18,3
1767088818.9648018,NSE_FO|NIFTY,19768.69,9
1767088819.4734154,NSE_FO|NIFTY,19769.66,3
1767088819.9834406,NSE_FO|NIFTY,19770.25,10
1767088820.4988964,NSE_FO|NIFTY,19769.84,2
1767088821.0013163,NSE_FO|NIFTY,19771.94,4
1767088821.5124257,NSE_FO|NIFTY,19773.39,3
1767088822.0152802,NSE_FO|NIFTY,19772.92,9
1767088822.519131,NSE_FO|NIFTY,19775.77,2
1767088823.0237296,NSE_FO|NIFTY,19774.15,9
1767088823.538796,NSE_FO|NIFTY,19776.94,2
1767088824.052737,NSE_FO|NIFTY,19779.44,5
1767088824.5542126,NSE_FO|NIFTY,19781.03,10
1767088825.0631723,NSE_FO|NIFTY,19782.6,10
1767088825.5786679,NSE_FO|NIFTY,19782.3,9
1767088826.0898993,NSE_FO|NIFTY,19780.46,1
1767088826.5916452,NSE_FO|NIFTY,19778.46,3
1767088827.1088636,NSE_FO|NIFTY,19779.48,4
1767088827.6239088,NSE_FO|NIFTY,19781.51,4
1767088828.1251981,NSE_FO|NIFTY,19783.28,9
1767088828.6288822,NSE_FO|NIFTY,19782.96,8
1767088829.1421807,NSE_FO|NIFTY,19784.69,5
1767088829.6446333,NSE_FO|NIFTY,19782.81,6
1767088830.1473107,NSE_FO|NIFTY,19783.98,9
1767088830.6499734,NSE_FO|NIFTY,19786.88,6
1767088831.1590962,NSE_FO|NIFTY,19786.9,10
1767088831.6618667,NSE_FO|NIFTY,19785.86,9
1767088832.1637359,NSE_FO|NIFTY,19788.27,6
1767088832.679283,NSE_FO|NIFTY,19786.28,4
1767088833.197461,NSE_FO|NIFTY,19787.5,5
1767088833.7049298,NSE_FO|NIFTY,19788.59,10
1767088834.2080395,NSE_FO|NIFTY,19790.49,8
1767088834.715414,NSE_FO|NIFTY,19789.03,5
1767088835.2169423,NSE_FO|NIFTY,19789.88,10
1767088835.718306,NSE_FO|NIFTY,19789.98,8
1767088836.2331102,NSE_FO|NIFTY,19791.23,3
1767088836.7492523,NSE_FO|NIFTY,19790.21,10
1767088837.2517266,NSE_FO|NIFTY,19790.37,10
1767088837.7531345,NSE_FO|NIFTY,19788.99,8
1767088838.2550964,NSE_FO|NIFTY,19790.63,8
1767088838.759308,NSE_FO|NIFTY,19789.43,3
1767088839.270398,NSE_FO|NIFTY,19791.39,10
1767088839.7838614,NSE_FO|NIFTY,19793.6,4
1767088840.2932105,NSE_FO|NIFTY,19792.07,10
1767088840.802732,NSE_FO|NIFTY,19790.68,2
1767088841.3047643,NSE_FO|NIFTY,19789.29,1
1767088841.818286,NSE_FO|NIFTY,19789.42,9
1767088842.3283749,NSE_FO|NIFTY,19789.78,10
1767088842.8423948,NSE_FO|NIFTY,19789.5,1
1767088843.3583174,NSE_FO|NIFTY,19792.39,10
1767088843.8659244,NSE_FO|NIFTY,19792.56,4
1767088844.371704,NSE_FO|NIFTY,19793.94,9
1767088844.8879886,NSE_FO|NIFTY,19792.28,10
1767088845.403478,NSE_FO|NIFTY,19792.39,5
1767088845.9110584,NSE_FO|NIFTY,19793.23,4
1767088846.4153938,NSE_FO|NIFTY,19793.82,6
1767088846.9166498,NSE_FO|NIFTY,19793.96,4
1767088847.4251404,NSE_FO|NIFTY,19794.44,4
1767088847.9401047,NSE_FO|NIFTY,19796.31,10
1767088848.4494581,NSE_FO|NIFTY,19794.87,1
1767088848.9571247,NSE_FO|NIFTY,19796.76,8
1767088849.4671981,NSE_FO|NIFTY,19798.98,7
1767088849.9786336,NSE_FO|NIFTY,19801.42,9
1767088850.4930146,NSE_FO|NIFTY,19802.33,8
1767088850.9938443,NSE_FO|NIFTY,19803.11,8
1767088851.4950356,NSE_FO|NIFTY,19804.31,5
1767088852.0086756,NSE_FO|NIFTY,19806.75,6
1769066958.8850398,NSE_FO|NIFTY,19499.84,1
1769066959.3958485,NSE_FO|NIFTY,19502.6,4
1769066959.9085534,NSE_FO|NIFTY,19502.35,7
1769066960.4133523,NSE_FO|NIFTY,19505.31,7
1769066960.9156432,NSE_FO|NIFTY,19507.75,9
1769066961.4273176,NSE_FO|NIFTY,19508.2,1
1769066961.9406693,NSE_FO|NIFTY,19509.76,7
1769066962.451555,NSE_FO|NIFTY,19510.31,6
1769066962.9672458,NSE_FO|NIFTY,19511.33,3
1769066963.4809587,NSE_FO|NIFTY,19514.04,2
1769066963.9851246,NSE_FO|NIFTY,19515.35,7
1769066964.490849,NSE_FO|NIFTY,19515.02,9
1769066964.9977489,NSE_FO|NIFTY,19517.69,9
1769066965.509405,NSE_FO|NIFTY,19519.31,4
1769066966.0254743,NSE_FO|NIFTY,19522.05,5
1769066966.5404398,NSE_FO|NIFTY,19521.08,10
1769066967.0419474,NSE_FO|NIFTY,19522.54,9
1769066967.5534644,NSE_FO|NIFTY,19521.31,5
1769066968.0596547,NSE_FO|NIFTY,19522.47,2
1769066968.5608103,NSE_FO|NIFTY,19522.04,2
1769066969.0746489,NSE_FO|NIFTY,19521.04,10
1769066969.5772636,NSE_FO|NIFTY,19523.7,7
1769066970.088151,NSE_FO|NIFTY,19524.25,9
1769066970.5955548,NSE_FO|NIFTY,19523.32,8
1769066971.109169,NSE_FO|NIFTY,19525.21,3
1769066971.612802,NSE_FO|NIFTY,19527.25,2
1769066972.120065,NSE_FO|NIFTY,19529.99,2
1769066972.6240327,NSE_FO|NIFTY,19532.01,3
1769066973.1317277,NSE_FO|NIFTY,19531.66,5
1769066973.6362996,NSE_FO|NIFTY,19534.34,4
1769066974.2639825,NSE_FO|NIFTY,19534.1,7
1769066974.773259,NSE_FO|NIFTY,19532.84,6
1769066975.2862177,NSE_FO|NIFTY,19532.85,10
1769066975.8005228,NSE_FO|NIFTY,19531.45,2
1769066976.3149197,NSE_FO|NIFTY,19534.22,6
1769066976.82642,NSE_FO|NIFTY,19536.05,3
1769066977.3347285,NSE_FO|NIFTY,19536.03,1
1769066977.8483217,NSE_FO|NIFTY,19537.05,9
1769066978.3533814,NSE_FO|NIFTY,19535.42,6
1769066978.8588822,NSE_FO|NIFTY,19537.98,2
1769066979.374614,NSE_FO|NIFTY,19537.03,5
1769066979.8792377,NSE_FO|NIFTY,19538.92,7
1769066980.384921,NSE_FO|NIFTY,19541.01,5
1769066980.8903506,NSE_FO|NIFTY,19541.87,4
1769066981.3970442,NSE_FO|NIFTY,19542.49,6
1769066981.9078686,NSE_FO|NIFTY,19541.54,7
1769066982.4178622,NSE_FO|NIFTY,19544.0,7
1769066982.920188,NSE_FO|NIFTY,19546.59,3
1769066983.4345307,NSE_FO|NIFTY,19547.14,2
1769066983.9484773,NSE_FO|NIFTY,19549.04,9
1769066984.4635189,NSE_FO|NIFTY,19550.24,3
1769066984.9668589,NSE_FO|NIFTY,19548.97,8
1769066985.4774847,NSE_FO|NIFTY,19548.22,1
1769066985.9909775,NSE_FO|NIFTY,19547.06,8
1769066986.4921348,NSE_FO|NIFTY,19549.81,8
1769066986.9944093,NSE_FO|NIFTY,19552.13,2
1769066987.5099268,NSE_FO|NIFTY,19552.74,2
1769066988.011724,NSE_FO|NIFTY,19551.07,10
1769066988.5283425,NSE_FO|NIFTY,19552.27,7
1769066989.0444613,NSE_FO|NIFTY,19553.86,8
1769066989.5598972,NSE_FO|NIFTY,19556.46,10
1769066990.0665815,NSE_FO|NIFTY,19558.66,7
1769066990.5721612,NSE_FO|NIFTY,19558.86,5
1769066991.0764852,NSE_FO|NIFTY,19561.46,3
1769066991.5915189,NSE_FO|NIFTY,19564.43,1
1769066992.101681,NSE_FO|NIFTY,19563.63,9
1769066992.6178575,NSE_FO|NIFTY,19564.17,9
1769066993.1306071,NSE_FO|NIFTY,19565.14,10
1769066993.6371632,NSE_FO|NIFTY,19567.13,8
1769066994.1415586,NSE_FO|NIFTY,19565.2,1
1769066994.6451538,NSE_FO|NIFTY,19566.14,9
1769066995.149684,NSE_FO|NIFTY,19567.67,1
1769066995.6655974,NSE_FO|NIFTY,19566.83,7
1769066996.175101,NSE_FO|NIFTY,19564.96,6
1769066996.6883564,NSE_FO|NIFTY,19565.18,1
1769066997.19462,NSE_FO|NIFTY,19567.75,5
1769066997.7098253,NSE_FO|NIFTY,19566.35,1
1769066998.212892,NSE_FO|NIFTY,19567.0,3
1769066998.716839,NSE_FO|NIFTY,19568.19,6
1769066999.2315578,NSE_FO|NIFTY,19568.61,4
1769066999.7407277,NSE_FO|NIFTY,19567.41,6
1769067000.2419512,NSE_FO|NIFTY,19569.08,10
1769067000.7550917,NSE_FO|NIFTY,19571.64,7
1769067001.266727,NSE_FO|NIFTY,19570.73,10
1769067001.7794132,NSE_FO|NIFTY,19569.56,8
1769067002.2905593,NSE_FO|NIFTY,19567.77,1
1769067002.7982104,NSE_FO|NIFTY,19567.21,1
1769067003.3094523,NSE_FO|NIFTY,19567.93,8
1769067003.8183677,NSE_FO|NIFTY,19569.8,5
1769067004.332512,NSE_FO|NIFTY,19571.92,10
1769067004.844698,NSE_FO|NIFTY,19573.73,9
1769067005.357328,NSE_FO|NIFTY,19573.61,7
1769067005.8714974,NSE_FO|NIFTY,19575.99,1
1769067006.379655,NSE_FO|NIFTY,19578.76,8
1769067006.8879828,NSE_FO|NIFTY,19577.45,3
1769067007.390263,NSE_FO|NIFTY,19578.63,10
1769067007.9028704,NSE_FO|NIFTY,19580.05,3
1769067008.4154365,NSE_FO|NIFTY,19580.45,9
1769067008.9323642,NSE_FO|NIFTY,19580.6,3
1769067009.441617,NSE_FO|NIFTY,19580.82,1
1769067009.9426107,NSE_FO|NIFTY,19583.47,2
1769067010.4517367,NSE_FO|NIFTY,19583.73,1
1769067010.9591696,NSE_FO|NIFTY,19583.04,8
1769067011.4622939,NSE_FO|NIFTY,19585.71,6
1769067011.9756744,NSE_FO|NIFTY,19588.38,3
1769067012.484584,NSE_FO|NIFTY,19587.61,4
1769067012.9949026,NSE_FO|NIFTY,19590.13,8
1769067013.5053532,NSE_FO|NIFTY,19589.0,3
1769067014.0066795,NSE_FO|NIFTY,19589.72,10
1769067014.5097797,NSE_FO|NIFTY,19589.36,1
1769067015.016435,NSE_FO|NIFTY,19588.19,5
1769067015.525151,NSE_FO|NIFTY,19588.38,4
1769067016.0279393,NSE_FO|NIFTY,19587.16,3
1769067016.542975,NSE_FO|NIFTY,19589.77,7
1769067017.0455513,NSE_FO|NIFTY,19590.68,9
1769067017.5470653,NSE_FO|NIFTY,19589.5,4
1769067018.0547001,NSE_FO|NIFTY,19588.7,10
1769067018.5632493,NSE_FO|NIFTY,19589.21,1
1769067019.0717912,NSE_FO|NIFTY,19587.38,4
1769067019.5849552,NSE_FO|NIFTY,19589.5,2
1769067020.099414,NSE_FO|NIFTY,19588.69,8
1769067020.6143513,NSE_FO|NIFTY,19591.03,7
1769067021.1180527,NSE_FO|NIFTY,19589.58,5
1769067021.6216588,NSE_FO|NIFTY,19588.51,4
1769067022.1388578,NSE_FO|NIFTY,19591.41,4
1769067022.6490445,NSE_FO|NIFTY,19590.68,5
1769067023.1558282,NSE_FO|NIFTY,19588.96,8
1769067023.6585279,NSE_FO|NIFTY,19587.0,8
1769067024.1670835,NSE_FO|NIFTY,19589.77,7
1769067024.6726134,NSE_FO|NIFTY,19591.32,5
1769067025.1869898,NSE_FO|NIFTY,19593.75,4
1769067025.6973448,NSE_FO|NIFTY,19594.99,2
1769067026.205833,NSE_FO|NIFTY,19593.85,5
1769067026.712826,NSE_FO|NIFTY,19595.88,6
1769067027.2192788,NSE_FO|NIFTY,19596.25,3
1769067027.7247431,NSE_FO|NIFTY,19595.15,5
1769067028.233125,NSE_FO|NIFTY,19594.29,4
1769067028.7416928,NSE_FO|NIFTY,19594.01,6
1769067029.2444067,NSE_FO|NIFTY,19596.61,2
1769067029.7549188,NSE_FO|NIFTY,19599.24,3
1769067030.2618856,NSE_FO|NIFTY,19601.55,9
1769067030.773159,NSE_FO|NIFTY,19603.39,1
1769067031.2819798,NSE_FO|NIFTY,19604.51,9
1769067031.7964742,NSE_FO|NIFTY,19605.86,9
1769067032.2976773,NSE_FO|NIFTY,19606.29,5
1769067032.8128047,NSE_FO|NIFTY,19608.05,9
1769067033.3270857,NSE_FO|NIFTY,19610.31,9
1769067033.829698,NSE_FO|NIFTY,19608.46,9
1769067034.3375041,NSE_FO|NIFTY,19606.74,3
1769067034.8504999,NSE_FO|NIFTY,19605.62,5
1769067035.363446,NSE_FO|NIFTY,19604.35,7
1769067035.874602,NSE_FO|NIFTY,19603.56,8
1769067036.3846183,NSE_FO|NIFTY,19603.2,5
1769067036.8978322,NSE_FO|NIFTY,19605.75,7
1769067037.4073436,NSE_FO|NIFTY,19605.94,4
1769067037.9210906,NSE_FO|NIFTY,19607.43,2
1769067038.4324968,NSE_FO|NIFTY,19605.97,3
1769067038.9437025,NSE_FO|NIFTY,19604.69,2
1769067039.451789,NSE_FO|NIFTY,19607.17,10
1769067039.9663818,NSE_FO|NIFTY,19607.94,5
1769067040.467445,NSE_FO|NIFTY,19608.66,6
1769067040.973498,NSE_FO|NIFTY,19611.18,6
1769067041.4825516,NSE_FO|NIFTY,19610.73,1
1769067041.9919608,NSE_FO|NIFTY,19609.29,8
1769067042.50372,NSE_FO|NIFTY,19609.23,6
1769067043.0125308,NSE_FO|NIFTY,19612.2,8
1769067043.5225327,NSE_FO|NIFTY,19611.75,6
1769067044.032273,NSE_FO|NIFTY,19613.9,6
1769067044.5348444,NSE_FO|NIFTY,19613.89,3
1769067045.0455854,NSE_FO|NIFTY,19613.58,9
1769067045.5561655,NSE_FO|NIFTY,19615.41,1
1769067046.0649607,NSE_FO|NIFTY,19613.64,10
1769067046.5786757,NSE_FO|NIFTY,19616.17,2
1769067047.0905669,NSE_FO|NIFTY,19617.37,5
1769067047.5990412,NSE_FO|NIFTY,19615.8,9
1769067048.111889,NSE_FO|NIFTY,19618.1,10
1769067048.6169717,NSE_FO|NIFTY,19620.03,9
1769067049.1226933,NSE_FO|NIFTY,19619.54,6
1769067049.6369681,NSE_FO|NIFTY,19617.98,3
1769067050.147953,NSE_FO|NIFTY,19616.7,4
1769067050.6609123,NSE_FO|NIFTY,19615.36,5
1769067051.1684403,NSE_FO|NIFTY,19617.07,1
1769067051.678902,NSE_FO|NIFTY,19616.04,7
1769067052.1922898,NSE_FO|NIFTY,19616.23,2
1769067052.7054143,NSE_FO|NIFTY,19616.24,6
1769067053.213832,NSE_FO|NIFTY,19618.14,5
1769067053.7296607,NSE_FO|NIFTY,19617.97,10
1769067054.2383165,NSE_FO|NIFTY,19620.25,5
1769067054.7488499,NSE_FO|NIFTY,19620.47,10
1769067055.2556975,NSE_FO|NIFTY,19619.19,6
1769067055.759677,NSE_FO|NIFTY,19618.38,8
1769067056.2607987,NSE_FO|NIFTY,19621.02,8
1769067056.7640843,NSE_FO|NIFTY,19619.56,5
1769067057.2776434,NSE_FO|NIFTY,19619.98,2
1769067057.783778,NSE_FO|NIFTY,19621.71,9
1769067058.2938206,NSE_FO|NIFTY,19623.56,10
1769067058.796058,NSE_FO|NIFTY,19623.53,4
1769067059.301739,NSE_FO|NIFTY,19622.31,6
1769067059.816457,NSE_FO|NIFTY,19621.39,4
1769067060.319128,NSE_FO|NIFTY,19619.81,2
1769067060.8216467,NSE_FO|NIFTY,19618.11,8
1769067061.331146,NSE_FO|NIFTY,19616.19,7
1769067061.84089,NSE_FO|NIFTY,19615.97,7
1769067062.3549914,NSE_FO|NIFTY,19614.89,3
1769067062.859514,NSE_FO|NIFTY,19614.81,5
1769067063.373491,NSE_FO|NIFTY,19615.59,4
1769067063.878102,NSE_FO|NIFTY,19617.69,3
1769067064.3870637,NSE_FO|NIFTY,19616.07,1
1769067064.8889573,NSE_FO|NIFTY,19614.86,4
1769067065.3957863,NSE_FO|NIFTY,19614.9,7
1769067065.9053752,NSE_FO|NIFTY,19615.76,9
1769067066.4209285,NSE_FO|NIFTY,19617.44,5
1769067066.92277,NSE_FO|NIFTY,19615.78,4
1769067067.4317331,NSE_FO|NIFTY,19614.0,7
1769067067.9414651,NSE_FO|NIFTY,19613.36,4
1769067068.451944,NSE_FO|NIFTY,19614.78,6
1769067068.965653,NSE_FO|NIFTY,19614.0,5
1769067069.4774146,NSE_FO|NIFTY,19616.22,8
1769067069.9893749,NSE_FO|NIFTY,19614.39,1
1769067070.4943473,NSE_FO|NIFTY,19613.88,9
1769067071.0079114,NSE_FO|NIFTY,19612.56,8
1769067071.5155535,NSE_FO|NIFTY,19614.9,3
1769067072.02569,NSE_FO|NIFTY,19616.04,3
1769067072.5268066,NSE_FO|NIFTY,19615.46,3
1769067073.0399764,NSE_FO|NIFTY,19615.49,8
1769067073.548498,NSE_FO|NIFTY,19617.4,7
1769067074.052293,NSE_FO|NIFTY,19619.3,9
1769067074.5639522,NSE_FO|NIFTY,19620.36,10
1769067075.069137,NSE_FO|NIFTY,19620.83,8
1769067075.5767465,NSE_FO|NIFTY,19618.96,10
1769067076.0838406,NSE_FO|NIFTY,19619.55,4
1769067076.5984025,NSE_FO|NIFTY,19620.58,7
1769067077.109279,NSE_FO|NIFTY,19620.92,9
1769067077.6122456,NSE_FO|NIFTY,19623.42,6
1769067078.117315,NSE_FO|NIFTY,19625.8,7
1769067078.6270962,NSE_FO|NIFTY,19626.39,1
1769067079.1395364,NSE_FO|NIFTY,19625.21,6
1769067079.6495624,NSE_FO|NIFTY,19623.94,4
1769067080.1656017,NSE_FO|NIFTY,19626.56,2
1769067080.67481,NSE_FO|NIFTY,19628.4,9
1769067081.1880205,NSE_FO|NIFTY,19631.34,10
1769067081.694692,NSE_FO|NIFTY,19633.36,9
1769067082.208559,NSE_FO|NIFTY,19634.98,4
1769067082.7119453,NSE_FO|NIFTY,19634.16,4
1769067083.2267427,NSE_FO|NIFTY,19632.76,7
1769067083.7318335,NSE_FO|NIFTY,19633.59,1
1769067084.236392,NSE_FO|NIFTY,19636.37,2
1769067084.7399583,NSE_FO|NIFTY,19638.8,10
1769067085.241415,NSE_FO|NIFTY,19637.5,6
1769067085.7446518,NSE_FO|NIFTY,19640.2,5
1769067086.2584193,NSE_FO|NIFTY,19639.26,4
1769067086.762207,NSE_FO|NIFTY,19640.15,9
1769067087.2742937,NSE_FO|NIFTY,19642.04,1
1769067087.775901,NSE_FO|NIFTY,19643.78,3
1769067088.287172,NSE_FO|NIFTY,19643.01,5
1769067088.8027658,NSE_FO|NIFTY,19645.57,3
1769067089.3181849,NSE_FO|NIFTY,19646.53,8
1769067089.8324375,NSE_FO|NIFTY,19644.67,10
1769067090.345662,NSE_FO|NIFTY,19642.78,6
1769067090.8615308,NSE_FO|NIFTY,19642.99,10
1769067091.3745055,NSE_FO|NIFTY,19645.21,1
1769067091.8885455,NSE_FO|NIFTY,19643.99,1
1769067092.4005857,NSE_FO|NIFTY,19642.93,3
1769067092.9119275,NSE_FO|NIFTY,19645.06,5
1769067093.4221814,NSE_FO|NIFTY,19646.91,9
1769067093.9272058,NSE_FO|NIFTY,19647.2,10
1769067094.4431214,NSE_FO|NIFTY,19648.97,1
1769067094.9574142,NSE_FO|NIFTY,19650.7,8
1769067095.463892,NSE_FO|NIFTY,19649.45,5
1769067095.9753249,NSE_FO|NIFTY,19648.88,2
1769067096.513828,NSE_FO|NIFTY,19651.61,4
1769067097.028408,NSE_FO|NIFTY,19650.55,5
1769067097.5443108,NSE_FO|NIFTY,19650.87,1
1769067098.0487359,NSE_FO|NIFTY,19650.93,4
1769067098.5648925,NSE_FO|NIFTY,19652.6,4
1769067099.079057,NSE_FO|NIFTY,19652.77,10
1769067099.5955448,NSE_FO|NIFTY,19653.46,9
1769067100.1018856,NSE_FO|NIFTY,19651.53,8
1769067100.6073022,NSE_FO|NIFTY,19650.61,7
1769067101.1139119,NSE_FO|NIFTY,19649.94,1
1769067101.6254597,NSE_FO|NIFTY,19648.04,10
1769067102.140084,NSE_FO|NIFTY,19648.05,1
1769067102.6555648,NSE_FO|NIFTY,19648.09,4
1769067103.1709673,NSE_FO|NIFTY,19646.14,3
1769067103.6792428,NSE_FO|NIFTY,19647.21,4
1769067104.1933537,NSE_FO|NIFTY,19647.61,1
1769067104.6978,NSE_FO|NIFTY,19648.75,10
1769067105.206367,NSE_FO|NIFTY,19646.92,4
1769067105.7126038,NSE_FO|NIFTY,19647.3,8
1769067106.2164705,NSE_FO|NIFTY,19645.74,8
1769067106.7329757,NSE_FO|NIFTY,19646.45,5
1769067107.2358334,NSE_FO|NIFTY,19646.0,7
1769067107.750303,NSE_FO|NIFTY,19645.91,3
1769067108.253341,NSE_FO|NIFTY,19647.39,8
1769067108.7685778,NSE_FO|NIFTY,19646.9,5
1769067109.2695353,NSE_FO|NIFTY,19645.36,8
1769067109.7792292,NSE_FO|NIFTY,19646.58,1
1769067110.2929394,NSE_FO|NIFTY,19647.2,2
1769067110.806476,NSE_FO|NIFTY,19648.53,5
1769067111.3074462,NSE_FO|NIFTY,19648.16,9
1769067111.8183763,NSE_FO|NIFTY,19647.53,7
1769067112.3321989,NSE_FO|NIFTY,19649.29,5
1769067112.8401382,NSE_FO|NIFTY,19649.23,2
1769067113.3479326,NSE_FO|NIFTY,19648.73,7
1769067113.8716633,NSE_FO|NIFTY,19650.64,10
1769067114.3802276,NSE_FO|NIFTY,19652.08,7
1769067114.8893075,NSE_FO|NIFTY,19653.09,10
1769067115.3905075,NSE_FO|NIFTY,19654.53,10
1769067115.9039407,NSE_FO|NIFTY,19652.72,2
1769067116.4116008,NSE_FO|NIFTY,19651.68,1
1769067116.9135518,NSE_FO|NIFTY,19653.59,1
1769067117.4174626,NSE_FO|NIFTY,19654.8,1
1769067117.930898,NSE_FO|NIFTY,19657.59,1
1769067118.4456246,NSE_FO|NIFTY,19660.19,7
1769067118.9484959,NSE_FO|NIFTY,19660.64,2
1769067119.4633787,NSE_FO|NIFTY,19660.05,1
1769067119.9746788,NSE_FO|NIFTY,19662.7,2
1769067120.478807,NSE_FO|NIFTY,19664.39,10
1769067120.9942691,NSE_FO|NIFTY,19662.45,8
1769067121.5046637,NSE_FO|NIFTY,19662.52,10
1769067122.0109143,NSE_FO|NIFTY,19663.64,9
1769067122.5177097,NSE_FO|NIFTY,19664.13,1
1769067123.0197444,NSE_FO|NIFTY,19666.31,7
1769067123.534693,NSE_FO|NIFTY,19666.9,5
1769067124.048782,NSE_FO|NIFTY,19666.01,7
1769067124.5628676,NSE_FO|NIFTY,19665.48,6
1769067125.071118,NSE_FO|NIFTY,19667.8,8
1769067125.5748317,NSE_FO|NIFTY,19667.08,3
1769067126.0828805,NSE_FO|NIFTY,19667.4,8
1769067126.5988328,NSE_FO|NIFTY,19667.03,5
1769067127.1077561,NSE_FO|NIFTY,19669.25,2
1769067127.6111646,NSE_FO|NIFTY,19669.53,3
1769067128.1231894,NSE_FO|NIFTY,19672.06,1
1769067128.6382596,NSE_FO|NIFTY,19674.56,6
1769067129.13989,NSE_FO|NIFTY,19672.9,2
1769067129.6450744,NSE_FO|NIFTY,19674.64,7
1769067130.1605904,NSE_FO|NIFTY,19674.99,7
1769067130.6769748,NSE_FO|NIFTY,19676.24,2
1769067131.1893356,NSE_FO|NIFTY,19676.7,8
1769067131.7054665,NSE_FO|NIFTY,19676.15,1
1769067132.2140045,NSE_FO|NIFTY,19679.11,10
1769067132.7200894,NSE_FO|NIFTY,19680.39,3
1769067133.2362256,NSE_FO|NIFTY,19679.38,2
1769067133.7401056,NSE_FO|NIFTY,19677.62,7
1769067134.250512,NSE_FO|NIFTY,19676.58,2
1769067134.7617698,NSE_FO|NIFTY,19676.37,7
1769067135.2746475,NSE_FO|NIFTY,19677.19,2
1769067135.7817566,NSE_FO|NIFTY,19679.95,1
1769067136.2980125,NSE_FO|NIFTY,19682.04,6
1769067136.8090394,NSE_FO|NIFTY,19683.94,4
1769067137.3220932,NSE_FO|NIFTY,19684.81,4
1769067137.8292217,NSE_FO|NIFTY,19684.72,4
1769067138.3425446,NSE_FO|NIFTY,19686.0,5
1769067138.8529642,NSE_FO|NIFTY,19686.68,8
1769067139.3600755,NSE_FO|NIFTY,19687.71,9
1769067139.8635798,NSE_FO|NIFTY,19690.32,6
1769067140.3664987,NSE_FO|NIFTY,19691.35,9
1769067140.867554,NSE_FO|NIFTY,19692.3,4
1769067141.3792922,NSE_FO|NIFTY,19691.16,1
1769067141.8922043,NSE_FO|NIFTY,19692.8,5
1769067142.39816,NSE_FO|NIFTY,19693.28,1
1769067142.907839,NSE_FO|NIFTY,19693.88,10
1769067143.410787,NSE_FO|NIFTY,19694.47,7
1769067143.925825,NSE_FO|NIFTY,19697.42,1
1769067144.4347978,NSE_FO|NIFTY,19699.68,8
1769067144.9454117,NSE_FO|NIFTY,19698.97,1
1769067145.4578173,NSE_FO|NIFTY,19697.85,1
1769067145.964129,NSE_FO|NIFTY,19698.61,9
1769067146.4755285,NSE_FO|NIFTY,19697.53,9
1769067146.9914384,NSE_FO|NIFTY,19697.26,4
1769067147.5026891,NSE_FO|NIFTY,19697.77,9
1769067148.006802,NSE_FO|NIFTY,19695.84,5
1769067148.5180452,NSE_FO|NIFTY,19698.36,7
1769067149.03355,NSE_FO|NIFTY,19701.21,3
1769067149.5473433,NSE_FO|NIFTY,19702.24,10
1769067150.0552878,NSE_FO|NIFTY,19700.96,10
1769067150.570236,NSE_FO|NIFTY,19699.39,6
1769067151.0808315,NSE_FO|NIFTY,19698.15,7
1769067151.5830202,NSE_FO|NIFTY,19700.64,3
1769067152.094518,NSE_FO|NIFTY,19703.21,9
1769067152.6092978,NSE_FO|NIFTY,19701.26,10
1769067153.1163247,NSE_FO|NIFTY,19704.24,3
